
%%%
% Bibliography Chapter 1
%%%

%%%%%%% Resource curse 
@article{robinson2005white,
  title={White elephants},
  author={Robinson, James A and Torvik, Ragnar},
  journal={Journal of public economics},
  volume={89},
  number={2-3},
  pages={197--210},
  year={2005},
  publisher={Elsevier}
}
@article{asher2018rent,
  title={Rent-seeking and criminal politicians: Evidence from mining booms},
  author={Asher, Sam and Novosad, Paul},
  journal={Review of Economic and Statistics},
  year={2020}
}
@phdthesis{vogel2021effect,
  title={The Effect of Oil Windfalls on Political Corruption: Evidence from Brazil},
  author={Vogel, Kathryn Baragwanath},
  year={2021},
  school={University of California, San Diego}
}
@article{colonnelli2020corruption,
  title={Corruption and firms},
  author={Colonnelli, Emanuele and Prem, Mounu},
  journal={Available at SSRN 2931602},
  year={2020}
}
@article{chong2015does,
  title={Does corruption information inspire the fight or quash the hope? A field experiment in Mexico on voter turnout, choice, and party identification},
  author={Chong, Alberto and De La O, Ana L and Karlan, Dean and Wantchekon, Leonard},
  journal={The Journal of Politics},
  volume={77},
  number={1},
  pages={55--71},
  year={2015},
  publisher={University of Chicago Press Chicago, IL}
}
@techreport{arias2018priors,
  title={Priors rule: When do malfeasance revelations help or hurt incumbent parties?},
  author={Arias, Eric and Larreguy, Horacio and Marshall, John and Querubin, Pablo},
  year={2018},
  institution={National Bureau of Economic Research}
}
@article{ajzenman2021power,
  title={The power of example: Corruption spurs corruption},
  author={Ajzenman, Nicol{\'a}s},
  journal={American Economic Journal: Applied Economics},
  volume={13},
  number={2},
  pages={230--57},
  year={2021}
}
@article{robinson2005white,
  title={White elephants},
  author={Robinson, James A and Torvik, Ragnar},
  journal={Journal of public economics},
  volume={89},
  number={2-3},
  pages={197--210},
  year={2005},
  publisher={Elsevier}
}


@article{torvik2002natural,
  title={Natural resources, rent seeking and welfare},
  author={Torvik, Ragnar},
  journal={Journal of development economics},
  volume={67},
  number={2},
  pages={455--470},
  year={2002},
  publisher={Elsevier}
}

%%%% informality and productivity 
@article{la2014informality,
  title={Informality and development},
  author={La Porta, Rafael and Shleifer, Andrei},
  journal={Journal of economic perspectives},
  volume={28},
  number={3},
  pages={109--26},
  year={2014}
}
@article{hanson2010isn,
  title={Why isn't Mexico rich?},
  author={Hanson, Gordon H},
  journal={Journal of Economic Literature},
  volume={48},
  number={4},
  pages={987--1004},
  year={2010}
}
@book{alvarez2019informality,
  title={Informality and Aggregate Productivity: The Case of Mexico},
  author={Alvarez, Jorge and Ruane, Mr Cian},
  year={2019},
  publisher={International Monetary Fund}
}
@book{algazi2018under,
  title={Under-rewarded efforts: The elusive quest for prosperity in Mexico},
  author={Levy, Santiago },
  year={2018},
  publisher={Inter-American Development Bank}
}
@article{bosch2014trade,
  title={The trade-offs of welfare policies in labor markets with informal jobs: The case of the" Seguro Popular" program in Mexico},
  author={Bosch, Mariano and Campos-Vazquez, Raymundo M},
  journal={American Economic Journal: Economic Policy},
  volume={6},
  number={4},
  pages={71--99},
  year={2014}
}
@article{maloney1999does,
  title={Does informality imply segmentation in urban labor markets? Evidence from sectoral transitions in Mexico},
  author={Maloney, William F},
  journal={The World Bank Economic Review},
  volume={13},
  number={2},
  pages={275--302},
  year={1999},
  publisher={Oxford University Press}
}
@techreport{alcaraz2015informality,
  title={Informality and segmentation in the Mexican labor market},
  author={Alcaraz, Carlo and Chiquiar, Daniel and Salcedo, Alejandrina},
  year={2015},
  institution={Working Papers}
}
%%%%%%%%%%%%%%%%%%%%%%%%%%%%%

@article{goldberg2008lessons,
  title={Lessons from strange cases: Democracy, development, and the resource curse in the US states},
  author={Goldberg, Ellis and Wibbels, Erik and Mvukiyehe, Eric},
  journal={Comparative Political Studies},
  volume={41},
  number={4-5},
  pages={477--514},
  year={2008},
  publisher={Sage Publications Sage CA: Los Angeles, CA}
}
@article{chen2016land,
  title={Do land revenue windfalls create a political resource curse? Evidence from China},
  author={Chen, Ting and Kung, JK-S},
  journal={Journal of Development Economics},
  volume={123},
  pages={86--106},
  year={2016},
  publisher={Elsevier}
}
@article{carreri2017natural,
  title={Do natural resources influence who comes to power, and how?},
  author={Carreri, Maria and Dube, Oeindrila},
  journal={The Journal of Politics},
  volume={79},
  number={2},
  pages={502--518},
  year={2017},
  publisher={University of Chicago Press Chicago, IL}
}




%%%%%%%Infrastructure and employment
@article{leduc2017state,
  title={Are State governments roadblocks to federal stimulus? Evidence on the Flypaper Effect of Highway Grants in the 2009 Recovery Act},
  author={Leduc, Sylvain and Wilson, Daniel},
  journal={American Economic Journal: Economic Policy},
  volume={9},
  number={2},
  pages={253--92},
  year={2017}
}

@article{buchheim2017employment,
  title={The employment effects of countercyclical infrastructure investments},
  author={Buchheim, Lukas and Watzinger, Martin},
  journal={Available at SSRN 2928165},
  year={2017}
}

@article{boehm2020government,
  title={Government consumption and investment: Does the composition of purchases affect the multiplier?},
  author={Boehm, Christoph E},
  journal={Journal of Monetary Economics},
  volume={115},
  pages={80--93},
  year={2020},
  publisher={Elsevier}
}

@article{nytsenatebill,
 author  = {Cochrane, Emily},
 entrysubtype = {newspaper},
   year={2021},
 date    = {2021-08-10},
 title   = {The Senate passes the infrastructure bill, and turns to the Democratic budget.},
 journal = {The New York Times},
 url     = {https://www.nytimes.com/2021/08/10/us/politics/senate-infrastructure-bill.html},
 urldate = {2021-08-21}
}
@article{garin2019putting,
  title={Putting America to work, where? Evidence on the effectiveness of infrastructure construction as a locally targeted employment policy},
  author={Garin, Andrew},
  journal={Journal of Urban Economics},
  volume={111},
  pages={108--131},
  year={2019},
  publisher={Elsevier}
}
@article{dupor2017so,
  title={So, Why Didn’t the 2009 Recovery Act Improve the Nation’s Highways and Bridges?},
  author={Dupor, Bill},
  journal={Federal Reserve Bank of St. Louis Review},
  volume={77},
  pages={H54},
  year={2017}
}

@article{alloza2021jobs,
  title={Jobs multipliers: Evidence from a large fiscal stimulus in Spain},
  author={Alloza, Mario and Sanz, Carlos},
  journal={The Scandinavian Journal of Economics},
  volume={123},
  number={3},
  pages={751--779},
  year={2021},
  publisher={Wiley Online Library}
}


%%%%%%%%%%% Roads and Trade in the long run 

@techreport{allen2019welfare,
  title={The welfare effects of transportation infrastructure improvements},
  author={Allen, Treb and Arkolakis, Costas},
  year={2019},
  institution={National Bureau of Economic Research}
}

@book{yaffe2020essays,
  title={Essays on the Effects of Highway Spending},
  author={Yaffe, Daniel Leff},
  year={2020},
  publisher={University of California, San Diego}
}

@article{leduc2013roads,
  title={Roads to prosperity or bridges to nowhere? Theory and evidence on the impact of public infrastructure investment},
  author={Leduc, Sylvain and Wilson, Daniel},
  journal={NBER Macroeconomics Annual},
  volume={27},
  number={1},
  pages={89--142},
  year={2013},
  publisher={University of Chicago Press Chicago, IL}
}

@article{henry2019global,
  title={Global infrastructure: Potential, perils, and a framework for distinction},
  author={Henry, Peter Blair and Gardner, Camille},
  journal={NYU Stern School of Business},
  year={2019}
}


@BOOK{RePEc:pup:pbooks:10544,
title = {The Rise and Fall of American Growth: The U.S. Standard of Living since the Civil War},
author = {Gordon, Robert J.},
year = {2016},
edition = {1},
publisher = {Princeton University Press},
abstract = {},
keywords = {economics; history; sociology; America; US; innovation; technology; industry; growth; philosophy; government; politics},
url = {https://EconPapers.repec.org/RePEc:pup:pbooks:10544}
}

%%Ramo 33
@book{diaz2004descentralizacion,
  title={Descentralizaci{\'o}n a escala municipal en M{\'e}xico: la inversi{\'o}n en infraestructura social},
  author={D{\'\i}az Cayeros, Alberto and Silva Casta{\~n}eda, Sergio},
  year={2004},
  publisher={CEPAL}
}
@article{langston2010governors,
  title={Governors and “their” deputies: New legislative principals in Mexico},
  author={Langston, Joy},
  journal={Legislative Studies Quarterly},
  volume={35},
  number={2},
  pages={235--258},
  year={2010},
  publisher={Wiley Online Library}
}
@article{trillo2007transferences,
  title={Transferences condicionadas federales en pa{\'\i}ses en desarrollo: el caso del FISM en M{\'e}xico},
  author={Trillo, Fausto Hern{\'a}ndez and Rabling, Brenda Jarillo},
  journal={Estudios Econ{\'o}micos},
  pages={143--184},
  year={2007},
  publisher={JSTOR}
}
@article{bertrand2004much,
  title={How much should we trust differences-in-differences estimates?},
  author={Bertrand, Marianne and Duflo, Esther and Mullainathan, Sendhil},
  journal={The Quarterly journal of economics},
  volume={119},
  number={1},
  pages={249--275},
  year={2004},
  publisher={MIT Press}
}
@techreport{ramey2020macroeconomic,
  title={The macroeconomic consequences of infrastructure investment},
  author={Ramey, Valerie A},
  year={2020},
  institution={National Bureau of Economic Research}
}
@article{golden2013distributive,
  title={Distributive politics around the world},
  author={Golden, Miriam and Min, Brian},
  journal={Annual Review of Political Science},
  volume={16},
  pages={73--99},
  year={2013},
  publisher={Annual Reviews}
}

%%%%%%%%%%%Metodology 
@article{hahn2001identification,
  title={Identification and estimation of treatment effects with a regression-discontinuity design},
  author={Hahn, Jinyong and Todd, Petra and Van der Klaauw, Wilbert},
  journal={Econometrica},
  volume={69},
  number={1},
  pages={201--209},
  year={2001},
  publisher={JSTOR}
}
@article{gelman2019high,
  title={Why high-order polynomials should not be used in regression discontinuity designs},
  author={Gelman, Andrew and Imbens, Guido},
  journal={Journal of Business \& Economic Statistics},
  volume={37},
  number={3},
  pages={447--456},
  year={2019},
  publisher={Taylor \& Francis}
}

@article{cellini2010value,
  title={The value of school facility investments: Evidence from a dynamic regression discontinuity design},
  author={Cellini, Stephanie Riegg and Ferreira, Fernando and Rothstein, Jesse},
  journal={The Quarterly Journal of Economics},
  volume={125},
  number={1},
  pages={215--261},
  year={2010},
  publisher={MIT Press}
}
@techreport{abadie2017should,
  title={When should you adjust standard errors for clustering?},
  author={Abadie, Alberto and Athey, Susan and Imbens, Guido W and Wooldridge, Jeffrey},
  year={2017},
  institution={National Bureau of Economic Research}
}

@article{de2016misunderstandings,
  title={Misunderstandings about the regression discontinuity design in the study of close elections},
  author={De la Cuesta, Brandon and Imai, Kosuke},
  journal={Annual Review of Political Science},
  volume={19},
  pages={375--396},
  year={2016},
  publisher={Annual Reviews}
}
@article{bugni2021testing,
  title={Testing Continuity of a Density via g-order statistics in the Regression Discontinuity Design},
  author={Bugni, Federico A and Canay, Ivan A},
  journal={Journal of Econometrics},
  volume={221},
  number={1},
  pages={138--159},
  year={2021},
  publisher={Elsevier}
}
{"mode":"full","isActive":false}


@article{canay2018approximate,
  title={Approximate permutation tests and induced order statistics in the regression discontinuity design},
  author={Canay, Ivan A and Kamat, Vishal},
  journal={The Review of Economic Studies},
  volume={85},
  number={3},
  pages={1577--1608},
  year={2018},
  publisher={Oxford University Press}
}


@article{calonico2020optimal,
  title={Optimal bandwidth choice for robust bias-corrected inference in regression discontinuity designs},
  author={Calonico, Sebastian and Cattaneo, Matias D and Farrell, Max H},
  journal={The Econometrics Journal},
  volume={23},
  number={2},
  pages={192--210},
  year={2020},
  publisher={Oxford University Press}
}



@article{mccrary2008manipulation,
  title={Manipulation of the running variable in the regression discontinuity design: A density test},
  author={McCrary, Justin},
  journal={Journal of econometrics},
  volume={142},
  number={2},
  pages={698--714},
  year={2008},
  publisher={Elsevier}
}
{"mode":"full","isActive":false}








@article{draca2012reagan,
  title={Reagan’s Innovation Dividend? Technological Impacts of the 1980s US Defense Build-Up.},
  author={Draca, Mirko and others},
  year={2012},
  publisher={Citeseer}
}
@article{atkinson2019case,
  title={THE CASE for GROWTH CENTERS},
  author={Atkinson, Robert D and Muro, Mark and Whiton, JACOB},
  year={2019}
}

%nothing 
@article{zou2018local,
  title={The Local Economic Impacts of Military Personnel},
  author={Zou, Ben},
  journal={Journal of Labor Economics},
  volume={36},
  number={3},
  pages={589--621},
  year={2018},
  publisher={University of Chicago Press Chicago, IL}
}


@article{adao2019shift,
  title={Shift-share designs: Theory and inference},
  author={Adao, Rodrigo and Koles{\'a}r, Michal and Morales, Eduardo},
  journal={The Quarterly Journal of Economics},
  volume={134},
  number={4},
  pages={1949--2010},
  year={2019},
  publisher={Oxford University Press}
}

@techreport{goldsmith2018bartik,
  title={Bartik instruments: What, when, why, and how},
  author={Goldsmith-Pinkham, Paul and Sorkin, Isaac and Swift, Henry},
  year={2018},
  institution={National Bureau of Economic Research}
}

@techreport{akcigit2017rise,
  title={The rise of american ingenuity: Innovation and inventors of the golden age},
  author={Akcigit, Ufuk and Grigsby, John and Nicholas, Tom},
  year={2017},
  institution={National Bureau of Economic Research}
}
@techreport{dechezlepretre2016tax,
  title={Do tax incentives for research increase firm innovation? An RD design for R\&D},
  author={Dechezlepr{\^e}tre, Antoine and Eini{\"o}, Elias and Martin, Ralf and Nguyen, Kieu-Trang and Van Reenen, John},
  year={2016},
  institution={National Bureau of Economic Research}
}
@article{bloom2002r,
  title={Do R\&D tax credits work? Evidence from a panel of countries 1979--1997},
  author={Bloom, Nick and Griffith, Rachel and Van Reenen, John},
  journal={Journal of Public Economics},
  volume={85},
  number={1},
  pages={1--31},
  year={2002},
  publisher={Elsevier}
}
@incollection{neumark2015place,
  title={Place-based policies},
  author={Neumark, David and Simpson, Helen},
  booktitle={Handbook of regional and urban economics},
  volume={5},
  pages={1197--1287},
  year={2015},
  publisher={Elsevier}
}
@techreport{akcigit2018taxation,
  title={Taxation and Innovation in the 20th Century},
  author={Akcigit, Ufuk and Grigsby, John and Nicholas, Tom and Stantcheva, Stefanie},
  year={2018},
  institution={National Bureau of Economic Research}
}
@techreport{bloom2017ideas,
  title={Are ideas getting harder to find?},
  author={Bloom, Nicholas and Jones, Charles I and Van Reenen, John and Webb, Michael},
  year={2017},
  institution={National Bureau of Economic Research}
}

@article{ramey2018government,
  title={Government spending multipliers in good times and in bad: evidence from US historical data},
  author={Ramey, Valerie A and Zubairy, Sarah},
  journal={Journal of Political Economy},
  volume={126},
  number={2},
  pages={850--901},
  year={2018},
  publisher={University of Chicago Press Chicago, IL}
}
@TechReport{Hall2001,
  author={Bronwyn H. Hall and Adam B. Jaffe and Manuel Trajtenberg},
  title={{The NBER Patent Citation Data File: Lessons, Insights and Methodological Tools}},
  year=2001,
  month=Oct,
  institution={National Bureau of Economic Research, Inc},
  type={NBER Working Papers},
  number={8498},
}

@article{moretti2013real,
  title={Real wage inequality},
  author={Moretti, Enrico},
  journal={American Economic Journal: Applied Economics},
  volume={5},
  number={1},
  pages={65--103},
  year={2013}
}

@article{eckert2019skilled,
  title={Skilled tradable services: The transformation of US high-skill labor markets},
  author={Eckert, Fabian and Ganapati, Sharat and Walsh, Conor},
  journal={Available at SSRN 3439118},
  year={2019}
}

@article{bell2019becomes,
  title={Who becomes an inventor in America? The importance of exposure to innovation},
  author={Bell, Alex and Chetty, Raj and Jaravel, Xavier and Petkova, Neviana and Van Reenen, John},
  journal={The Quarterly Journal of Economics},
  volume={134},
  number={2},
  pages={647--713},
  year={2019},
  publisher={Oxford University Press}
}

@article{hsieh2019housing,
  title={Housing constraints and spatial misallocation},
  author={Hsieh, Chang-Tai and Moretti, Enrico},
  journal={American Economic Journal: Macroeconomics},
  volume={11},
  number={2},
  pages={1--39},
  year={2019}
}

@article{chetty2018impacts1,
  title={The impacts of neighborhoods on intergenerational mobility I: Childhood exposure effects},
  author={Chetty, Raj and Hendren, Nathaniel},
  journal={The Quarterly Journal of Economics},
  volume={133},
  number={3},
  pages={1107--1162},
  year={2018},
  publisher={Oxford University Press}
}

@article{chetty2018impacts2,
  title={The impacts of neighborhoods on intergenerational mobility II: County-level estimates},
  author={Chetty, Raj and Hendren, Nathaniel},
  journal={The Quarterly Journal of Economics},
  volume={133},
  number={3},
  pages={1163--1228},
  year={2018},
  publisher={Oxford University Press}
}

@article{kline2014people,
  title={People, places, and public policy: Some simple welfare economics of local economic development programs},
  author={Kline, Patrick and Moretti, Enrico},
  year={2014},
  publisher={Annual Reviews}
}

@techreport{eckert2020imputing,
  title={Imputing Missing Values in the US Census Bureau's County Business Patterns},
  author={Eckert, Fabian and Fort, Teresa C and Schott, Peter K and Yang, Natalie J},
  year={2020},
  institution={National Bureau of Economic Research}
}

@article{ramey2011can,
  title={Can government purchases stimulate the economy?},
  author={Ramey, Valerie A},
  journal={Journal of Economic Literature},
  volume={49},
  number={3},
  pages={673--85},
  year={2011}
}

@article{demyanyk2019fiscal,
  title={Fiscal Stimulus and Consumer Debt},
  author={Demyanyk, Yuliya and Loutskina, Elena and Murphy, Daniel},
  journal={Review of Economics and Statistics},
  volume={101},
  number={4},
  pages={728--741},
  year={2019},
  publisher={MIT Press}
}
@techreport{hall2019tax,
  title={Tax policy for innovation},
  author={Hall, Bronwyn H},
  year={2019},
  institution={National Bureau of Economic Research}
}

@incollection{fishback2016world,
  title={World War II and US Economic Performance},
  author={Fishback, Price V and Jaworski, Taylor},
  booktitle={Economic History of Warfare and State Formation},
  pages={221--241},
  year={2016},
  publisher={Springer}
}
@article{fishback2013s,
  title={S econd W orld W ar spending and local economic activity in US counties, 1939--58},
  author={Fishback, Price and Cullen, Joseph A},
  journal={The Economic History Review},
  volume={66},
  number={4},
  pages={975--992},
  year={2013},
  publisher={Wiley Online Library}
}

@article{li2019long,
  title={The long-run effects of government spending on structural change: Evidence from Second World War defense contracts},
  author={Li, Zhimin and Koustas, Dmitri},
  journal={Economics Letters},
  volume={178},
  pages={66--69},
  year={2019},
  publisher={Elsevier}
}

@techreport{akcigit2017rise,
  title={The rise of american ingenuity: Innovation and inventors of the golden age},
  author={Akcigit, Ufuk and Grigsby, John and Nicholas, Tom},
  year={2017},
  institution={National Bureau of Economic Research}
}

@article{bloom2019toolkit,
  title={A toolkit of policies to promote innovation},
  author={Bloom, Nicholas and Van Reenen, John and Williams, Heidi},
  journal={Journal of Economic Perspectives},
  volume={33},
  number={3},
  pages={163--84},
  year={2019}
}

@article{autor2016importing,
  title={Importing political polarization? The electoral consequences of rising trade exposure},
  author={Autor, David and Dorn, David and Hanson, Gordon and Majlesi, Kaveh and others},
  year={2016},
  publisher={National Bureau of Economic Research Cambridge, MA}
}

@article{rodrik2018populism,
  title={Populism and the Economics of Globalization},
  author={Rodrik, Dani},
  journal={Journal of international business policy},
  volume={1},
  number={1-2},
  pages={12--33},
  year={2018},
  publisher={Springer}
}

@article{kline2013place,
  title={Place based policies with unemployment},
  author={Kline, Patrick and Moretti, Enrico},
  journal={American Economic Review},
  volume={103},
  number={3},
  pages={238--43},
  year={2013}
}

@article{ganong2017has,
  title={Why has regional income convergence in the US declined?},
  author={Ganong, Peter and Shoag, Daniel},
  journal={Journal of Urban Economics},
  volume={102},
  pages={76--90},
  year={2017},
  publisher={Elsevier}
}

@article{nakamura2014fiscal,
  title={Fiscal stimulus in a monetary union: Evidence from US regions},
  author={Nakamura, Emi and Steinsson, Jon},
  journal={American Economic Review},
  volume={104},
  number={3},
  pages={753--92},
  year={2014}
}

@Article{Auerbach2019,
author="Auerbach, Alan
and Gorodnichenko, Yuriy
and Murphy, Daniel",
title="Local Fiscal Multipliers and Fiscal Spillovers in the USA",
journal="IMF Economic Review",
year="2019",
month="Dec",
day="19",
abstract="We estimate local fiscal multipliers and spillovers for the USA using a rich dataset based on the US Department of Defense contracts and a variety of outcome variables relating to income and employment. We find strong positive spillovers across locations and industries. Both backward linkages and general equilibrium effects (e.g., income multipliers) contribute to the positive spillovers. Geographical spillovers appear to dissipate fairly quickly with distance. Our evidence points to the relevance of Keynesian-type models that feature excess capacity.",
issn="2041-417X",
doi="10.1057/s41308-019-00102-3",
url="https://doi.org/10.1057/s41308-019-00102-3"
}



@techreport{suarez2016estimating,
  title={Estimating local fiscal multipliers},
  author={Su{\'a}rez Serrato, Juan Carlos and Wingender, Philippe},
  year={2016},
  institution={National Bureau of Economic Research}
}

@article{moretti_kline_simpleWelfare,
author = {Kline, Patrick and Moretti, Enrico},
title = {People, Places, and Public Policy: Some Simple Welfare Economics of Local Economic Development Programs},
journal = {Annual Review of Economics},
volume = {6},
number = {1},
pages = {629-662},
year = {2014},
doi = {10.1146/annurev-economics-080213-041024},

URL = { 
        https://doi.org/10.1146/annurev-economics-080213-041024
    
},
eprint = { 
        https://doi.org/10.1146/annurev-economics-080213-041024
    
}
,
    abstract = { Most countries exhibit large and persistent geographical differences in wages, income, and unemployment rates. A growing class of place-based policies attempts to address these differences through public investments and subsidies that target disadvantaged neighborhoods, cities, or regions. Place-based policies have the potential to profoundly affect the location of economic activity, along with the wages, employment, and industry mix of communities. These programs are widespread in the United States and throughout the world but have only recently been studied closely by economists. We consider the following questions: Who benefits from place-based interventions? Do the national benefits outweigh the costs? What sorts of interventions are most likely to be effective? To study these questions, we develop a simple spatial equilibrium model designed to characterize the welfare effects of place-based policies on the local and the national economy. Using this model, we critically evaluate the economic rationales for place-based policies and assess the latest evidence on their effects. We conclude with some lessons for policy and directions for future research. }
}

@techreport{moretti2019intellectual,
  title={The Intellectual Spoils of War? Defense R\&D, Productivity and International Spillovers},
  author={Moretti, Enrico and Steinwender, Claudia and Van Reenen, John},
  year={2019},
  institution={National Bureau of Economic Research}
}

@article{chodorow2019geographic,
  title={Geographic cross-sectional fiscal spending multipliers: What have we learned?},
  author={Chodorow-Reich, Gabriel},
  journal={American Economic Journal: Economic Policy},
  volume={11},
  number={2},
  pages={1--34},
  year={2019}
}

@article{slavtchev2016does,
  title={Does the technological content of government demand matter for private R\&D? Evidence from US states},
  author={Slavtchev, Viktor and Wiederhold, Simon},
  journal={American Economic Journal: Macroeconomics},
  volume={8},
  number={2},
  pages={45--84},
  year={2016}
}
@article{bloom2019toolkit,
  title={A toolkit of policies to promote innovation},
  author={Bloom, Nicholas and Van Reenen, John and Williams, Heidi},
  journal={Journal of Economic Perspectives},
  volume={33},
  number={3},
  pages={163--84},
  year={2019}
}

@article{schmid2018diffusion,
  title={The diffusion of military technology},
  author={Schmid, Jon},
  journal={Defence and Peace Economics},
  volume={29},
  number={6},
  pages={595--613},
  year={2018},
  publisher={Taylor \& Francis}
}

@article{chodorow2019geographic,
  title={Geographic cross-sectional fiscal spending multipliers: What have we learned?},
  author={Chodorow-Reich, Gabriel},
  journal={American Economic Journal: Economic Policy},
  volume={11},
  number={2},
  pages={1--34},
  year={2019}
}

@article{corbi2019regional,
  title={Regional transfer multipliers},
  author={Corbi, Raphael and Papaioannou, Elias and Surico, Paolo},
  journal={The Review of Economic Studies},
  volume={86},
  number={5},
  pages={1901--1934},
  year={2019},
  publisher={Oxford University Press}
}
@article{cohen2011powerful,
  title={Do powerful politicians cause corporate downsizing?},
  author={Cohen, Lauren and Coval, Joshua and Malloy, Christopher},
  journal={Journal of Political Economy},
  volume={119},
  number={6},
  pages={1015--1060},
  year={2011},
  publisher={University of Chicago Press Chicago, IL}
}

@article{dupor2017local,
  title={Local and aggregate fiscal policy multipliers},
  author={Dupor, Bill and Guerrero, Rodrigo},
  journal={Journal of Monetary Economics},
  volume={92},
  pages={16--30},
  year={2017},
  publisher={Elsevier}
}

@article{boone2014political,
  title={The political economy of discretionary spending: Evidence from the American Recovery and Reinvestment Act},
  author={Boone, Christopher and Dube, Arindrajit and Kaplan, Ethan},
  journal={Brookings Papers on Economic Activity},
  pages={375--428},
  year={2014},
  publisher={JSTOR}
}
@article{kim2020effect,
  title={The effect of public spending on private investment},
  author={Kim, Taehyun and Nguyen, Quoc H},
  journal={Review of Finance},
  volume={24},
  number={2},
  pages={415--451},
  year={2020},
  publisher={Oxford University Press}
}

@article{brollo2013political,
  title={The political resource curse},
  author={Brollo, Fernanda and Nannicini, Tommaso and Perotti, Roberto and Tabellini, Guido},
  journal={American Economic Review},
  volume={103},
  number={5},
  pages={1759--96},
  year={2013}
}
@techreport{chu2020hometown,
  title={Hometown Ties and the Quality of Government Monitoring: Evidence from Rotation of Chinese Auditors},
  author={Chu, Jian and Fisman, Raymond and Tan, Songtao and Wang, Yongxiang},
  year={2020},
  institution={National Bureau of Economic Research}
}
@article{dell2015trafficking,
  title={Trafficking networks and the Mexican drug war},
  author={Dell, Melissa},
  journal={American Economic Review},
  volume={105},
  number={6},
  pages={1738--79},
  year={2015}
}
@article{cengiz2019effect,
  title={The effect of minimum wages on low-wage jobs},
  author={Cengiz, Doruk and Dube, Arindrajit and Lindner, Attila and Zipperer, Ben},
  journal={The Quarterly Journal of Economics},
  volume={134},
  number={3},
  pages={1405--1454},
  year={2019},
  publisher={Oxford University Press}
}

%%%%%%%%%%%%%% political favoritism 
@article{brollo2012tying,
  title={Tying your enemy's hands in close races: the politics of federal transfers in Brazil},
  author={Brollo, Fernanda and Nannicini, Tommaso},
  journal={American Political Science Review},
  volume={106},
  number={4},
  pages={742--761},
  year={2012},
  publisher={Cambridge University Press}
}
@article{alesina2016ethnic,
  title={Ethnic inequality},
  author={Alesina, Alberto and Michalopoulos, Stelios and Papaioannou, Elias},
  journal={Journal of Political Economy},
  volume={124},
  number={2},
  pages={428--488},
  year={2016},
  publisher={University of Chicago Press Chicago, IL}
}
@article{hodler2014regional,
  title={Regional favoritism},
  author={Hodler, Roland and Raschky, Paul A},
  journal={The Quarterly Journal of Economics},
  volume={129},
  number={2},
  pages={995--1033},
  year={2014},
  publisher={MIT Press}
}

@article{bracco2015intergovernmental,
  title={Intergovernmental grants as signals and the alignment effect: Theory and evidence},
  author={Bracco, Emanuele and Lockwood, Ben and Porcelli, Francesco and Redoano, Michela},
  journal={Journal of public economics},
  volume={123},
  pages={78--91},
  year={2015},
  publisher={Elsevier}
}
@techreport{inman2008flypaper,
  title={The flypaper effect},
  author={Inman, Robert P},
  year={2008},
  institution={National Bureau of Economic Research}
}
@article{de2020political,
  title={Political Alignment and Credit: Evidence from Local Governments in Mexico},
  author={de la Garza, Adrian and Lopez-Videla, Bruno},
  year={2020}
}
@article{fiva2016local,
  title={Local favoritism in at-large proportional representation systems},
  author={Fiva, Jon H and Halse, Askill H},
  journal={Journal of Public Economics},
  volume={143},
  pages={15--26},
  year={2016},
  publisher={Elsevier}
}
@article{freier2015mayor,
  title={The mayor's advantage: Causal evidence on incumbency effects in German mayoral elections},
  author={Freier, Ronny},
  journal={European Journal of Political Economy},
  volume={40},
  pages={16--30},
  year={2015},
  publisher={Elsevier}
}
@article{curto2018does,
  title={Does electoral competition curb party favoritism?},
  author={Curto-Grau, Marta and Sol{\'e}-Oll{\'e}, Albert and Sorribas-Navarro, Pilar},
  journal={American Economic Journal: Applied Economics},
  volume={10},
  number={4},
  pages={378--407},
  year={2018}
}
@article{albouy2013partisan,
  title={Partisan representation in Congress and the geographic distribution of federal funds},
  author={Albouy, David},
  journal={Review of Economics and Statistics},
  volume={95},
  number={1},
  pages={127--141},
  year={2013},
  publisher={The MIT Press}
}
@article{asher2017politics,
  title={Politics and local economic growth: Evidence from India},
  author={Asher, Sam and Novosad, Paul},
  journal={American Economic Journal: Applied Economics},
  volume={9},
  number={1},
  pages={229--73},
  year={2017}
}
@article{bonilla2017political,
  title={Political alignment in the time of weak parties: electoral advantages and subnational transfers in Colombia},
  author={Bonilla-Mej{\'\i}a, Leonardo},
  journal={Documentos de Trabajo Sobre Econom{\'\i}a Regional y Urbana; No. 260},
  year={2017},
  publisher={Banco de la Rep{\'u}blica de Colombia}
}
@article{kramon2013benefits,
  title={Who benefits from distributive politics? How the outcome one studies affects the answer one gets},
  author={Kramon, Eric and Posner, Daniel N},
  journal={Perspectives on Politics},
  volume={11},
  number={2},
  pages={461--474},
  year={2013},
  publisher={Cambridge University Press}
}
%Infrastructure long run 

@article{kline2014local,
  title={Local economic development, agglomeration economies, and the big push: 100 years of evidence from the Tennessee Valley Authority},
  author={Kline, Patrick and Moretti, Enrico},
  journal={The Quarterly journal of economics},
  volume={129},
  number={1},
  pages={275--331},
  year={2014},
  publisher={MIT Press}
}
@techreport{allen2019welfare,
  title={The welfare effects of transportation infrastructure improvements},
  author={Allen, Treb and Arkolakis, Costas},
  year={2019},
  institution={National Bureau of Economic Research}
}
@article{bom2014have,
  title={What have we learned from three decades of research on the productivity of public capital?},
  author={Bom, Pedro RD and Ligthart, Jenny E},
  journal={Journal of economic surveys},
  volume={28},
  number={5},
  pages={889--916},
  year={2014},
  publisher={Wiley Online Library}
}


%%%%%%%%%%%%%% Flypaper effect 

@article{helm2021dynamic,
  title={The Dynamic Response of Municipal Budgets to Revenue Shocks},
  author={Helm, Ines and Stuhler, Jan},
  year={2021},
  publisher={CEPR Discussion Paper No. DP16137}
}

@article{cappelen2003impact,
  title={The impact of EU regional support on growth and convergence in the European Union},
  author={Cappelen, Aadne and Castellacci, Fulvio and Fagerberg, Jan and Verspagen, Bart},
  journal={JCMS: Journal of Common Market Studies},
  volume={41},
  number={4},
  pages={621--644},
  year={2003},
  publisher={Wiley Online Library}
}

%%%
% Bibliography Chapter 2
%%%

@article{oster2019unobservable,
  title={Unobservable selection and coefficient stability: Theory and evidence},
  author={Oster, Emily},
  journal={Journal of Business \& Economic Statistics},
  volume={37},
  number={2},
  pages={187--204},
  year={2019},
  publisher={Taylor \& Francis}
}
@article{altonji2005selection,
  title={Selection on observed and unobserved variables: Assessing the effectiveness of Catholic schools},
  author={Altonji, Joseph G and Elder, Todd E and Taber, Christopher R},
  journal={Journal of political economy},
  volume={113},
  number={1},
  pages={151--184},
  year={2005},
  publisher={The University of Chicago Press}
}
@article{acemoglu2020robots,
  title={Robots and jobs: Evidence from US labor markets},
  author={Acemoglu, Daron and Restrepo, Pascual},
  journal={Journal of Political Economy},
  volume={128},
  number={6},
  pages={2188--2244},
  year={2020},
  publisher={The University of Chicago Press Chicago, IL}
}
@article{tabellini2020gifts,
  title={Gifts of the immigrants, woes of the natives: Lessons from the age of mass migration},
  author={Tabellini, Marco},
  journal={The Review of Economic Studies},
  volume={87},
  number={1},
  pages={454--486},
  year={2020},
  publisher={Oxford University Press}
}
@article{dell2019violent,
  title={The violent consequences of trade-induced worker displacement in mexico},
  author={Dell, Melissa and Feigenberg, Benjamin and Teshima, Kensuke},
  journal={American Economic Review: Insights},
  volume={1},
  number={1},
  pages={43--58},
  year={2019}
}
@article{chodorow2012does,
  title={Does state fiscal relief during recessions increase employment? Evidence from the American Recovery and Reinvestment Act},
  author={Chodorow-Reich, Gabriel and Feiveson, Laura and Liscow, Zachary and Woolston, William Gui},
  journal={American Economic Journal: Economic Policy},
  volume={4},
  number={3},
  pages={118--45},
  year={2012}
}

@book{diaz2016political,
  title={The political logic of poverty relief: Electoral strategies and social policy in Mexico},
  author={Diaz-Cayeros, Alberto and Est{\'e}vez, Federico and Magaloni, Beatriz},
  year={2016},
  publisher={Cambridge University Press}
}
@phdthesis{mogollon2002discrecion,
  title={De la discreci{\'o}n a las f{\'o}rmulas: mecanismos de distribuci{\'o}n de recursos descentralizados para alivio a la pobreza},
  author={Mogoll{\'o}n, Olivia},
  year={2002},
  school={tesis de Maestr{\'\i}a, ITAM, M{\'e}xico}
}

@article{litschig2013impact,
  title={The impact of intergovernmental transfers on education outcomes and poverty reduction},
  author={Litschig, Stephan and Morrison, Kevin M},
  journal={American Economic Journal: Applied Economics},
  volume={5},
  number={4},
  pages={206--40},
  year={2013}
}
@article{aronow2016does,
  title={Does regression produce representative estimates of causal effects?},
  author={Aronow, Peter M and Samii, Cyrus},
  journal={American Journal of Political Science},
  volume={60},
  number={1},
  pages={250--267},
  year={2016},
  publisher={Wiley Online Library}
}

@article{lopez2019poverty,
  title={Poverty convergence in a time of stagnation},
  author={Lopez-Calva, Luis F and Ortiz-Juarez, Eduardo and Rodr{\'\i}guez-Castel{\'a}n, Carlos},
  year={2019},
  publisher={World Bank, Washington, DC}
}

@article{jones2019workplace,
  title={What do workplace wellness programs do? Evidence from the Illinois workplace wellness study},
  author={Jones, Damon and Molitor, David and Reif, Julian},
  journal={The Quarterly Journal of Economics},
  volume={134},
  number={4},
  pages={1747--1791},
  year={2019},
  publisher={Oxford University Press}
}

@article{anderson2008multiple,
  title={Multiple inference and gender differences in the effects of early intervention: A reevaluation of the Abecedarian, Perry Preschool, and Early Training Projects},
  author={Anderson, Michael L},
  journal={Journal of the American statistical Association},
  volume={103},
  number={484},
  pages={1481--1495},
  year={2008},
  publisher={Taylor \& Francis}
}


@article{wellenstein2006social,
  title={Social infrastructure: fondo de aportaciones para la infraestructura social (fais)},
  author={Wellenstein, Anna and N{\'u}nez, Ang{\'e}lica and Andr{\'e}s, Luis},
  journal={Banco Mundial, Decentralized Service Delivery for the Poor},
  volume={2},
  pages={167--222},
  year={2006}
}
@article{smith2018aumento,
  title={Aumento de la capacidad de toma de decisiones de los gobiernos locales: la b{\'u}squeda de crecimiento econ{\'o}mico de M{\'e}xico},
  author={Smith, H},
  journal={Los incentivos perversos del federalismo fiscal mexicano},
  pages={50--75},
  year={2018},
  publisher={Fondo de Cultura Econ{\'o}mica M{\'e}xico}
}
@article{habibi2003decentralization,
  title={Decentralization and human development in Argentina},
  author={Habibi, Nadir and Huang, Cindy and Miranda, Diego and Murillo, Victoria and Ranis, Gustav and Sarkar, Mainak and Stewart, Frances},
  journal={Journal of Human Development},
  volume={4},
  number={1},
  pages={73--101},
  year={2003},
  publisher={Taylor \& Francis}
}

@article{jimenez2011impact,
  title={The impact of fiscal decentralization on infant mortality rates: Evidence from OECD countries},
  author={Jim{\'e}nez-Rubio, Dolores},
  journal={Social Science \& Medicine},
  volume={73},
  number={9},
  pages={1401--1407},
  year={2011},
  publisher={Elsevier}
}

@book{litvack1998rethinking,
  title={Rethinking decentralization in developing countries},
  author={Litvack, Jennie and Ahmad, Junaid and Bird, Richard},
  year={1998},
  publisher={The World Bank}
}

@article{martinez2015impact,
  title={The Impact of Fiscal Decentralization: A Survey},
  author={Martinez-Vazquez, Jorge and Lago-Pe{\~n}as, Santiago and Sacchi, Agnese},
  journal={International Center for Public Policy Working Paper},
  pages={15--02},
  year={2015}
}

@article{musgrave1983should,
  title={Who Should Tax, Where, and What?},
  author={Musgrave Richard, A},
  journal={Tax Assignment in Federal Countries, Australian National University Press, Canberra},
  year={1983}
}

@article{oates1972fiscal,
  title={Fiscal federalism},
  author={Oates, Wallace E and others},
  journal={Books},
  year={1972},
  publisher={Edward Elgar Publishing}
}
@article{ostrom1993relational,
  title={A Relational Archive for Natural Resources Governance and Management},
  author={Ostrom, Elinor and Huckfeldt, Sharon and Schweik, Charles and Wertime, Mary Beth},
  journal={International Forestry Resources and Institutions Working Paper},
  number={D93I-25},
  year={1993}
}
@incollection{wallis1988decentralization,
  title={Decentralization in the public sector: An empirical study of state and local government},
  author={Wallis, John Joseph and Oates, Wallace E},
  booktitle={Fiscal federalism: Quantitative studies},
  pages={5--32},
  year={1988},
  publisher={University of Chicago Press}
}

@article{litschig2013impact,
  title={The impact of intergovernmental transfers on education outcomes and poverty reduction},
  author={Litschig, Stephan and Morrison, Kevin M},
  journal={American Economic Journal: Applied Economics},
  volume={5},
  number={4},
  pages={206--40},
  year={2013}
}

@article{besley2014developing,
  title={Why do developing countries tax so little?},
  author={Besley, Timothy and Persson, Torsten},
  journal={Journal of Economic Perspectives},
  volume={28},
  number={4},
  pages={99--120},
  year={2014}
}

@article{bardhan2005decentralizing,
  title={Decentralizing antipoverty program delivery in developing countries},
  author={Bardhan, Pranab and Mookherjee, Dilip},
  journal={Journal of public economics},
  volume={89},
  number={4},
  pages={675--704},
  year={2005},
  publisher={Elsevier}
}

@article{conning1999community,
  title={Community based targeting mechanisms for social safety nets},
  author={Conning, Jonathan and Kevane, Michael and others},
  journal={Mimeograph. Department of Economics, Santa Clara Univ},
  year={1999}
}

@article{jimenez1999community,
  title={Do community-managed schools work? An evaluation of El Salvador's EDUCO program},
  author={Jimenez, Emmanuel and Sawada, Yasuyuki},
  journal={The world bank economic review},
  volume={13},
  number={3},
  pages={415--441},
  year={1999},
  publisher={Oxford University Press}
}
@misc{mundial2000world,
  title={World Development Report 1999/2000: Entering the 21st Century},
  author={Mundial, Banco},
  year={2000},
  publisher={Washington-Nueva York: Banco Mundial-Oxford University Press}
}

@book{ahmad2005decentralization,
  title={Decentralization and service delivery},
  author={Ahmad, Junaid and Devarajan, Shantayanan and Khemani, Stuti and Shah, Shekhar},
  year={2005},
  publisher={The World Bank}
}

@techreport{loayza2014more,
  title={More than You Can Handle Decentralization and Spending Ability of Peruvian Municipalities},
  author={Loayza, Norman and Rigolini, Jamele and Calvo-Gonzlez, Oscar},
  year={2014},
  institution={Peruvian Economic Association}
}
@book{martinez2011decentralization,
  title={Decentralization in developing countries},
  author={Martinez-Vazquez, Jorge and Vaillancourt, Fran{\c{c}}ois},
  year={2011},
  publisher={Edward Elgar Publishing}
}

@article{robinson2007does,
  title={Does decentralisation improve equity and efficiency in public service delivery provision?},
  author={Robinson, Mark},
  year={2007},
  publisher={Blackwell Publishing Ltd}
}


@article{loayza2013poverty,
  title={Poverty, inequality, and the local natural resource curse},
  author={Loayza, Norman and Mier y Teran, Alfredo and Rigolini, Jamele},
  journal={World Bank Policy Research Working Paper},
  number={6366},
  year={2013}
}

@techreport{zambrano2014global,
  title={Global boom, local impacts: mining revenues and subnational outcomes in Peru 2007-2011},
  author={Zambrano, Omar and Robles, Marcos and Laos, Denisse},
  year={2014},
  institution={IDB Working Paper Series}
}

@article{enamorado2014regional,
  title={Regional Convergence in Colombia and Prospective Impacts of the Reform of the Regal{\'\i}as System},
  author={Enamorado, Ted and Rodriguez-Castel{\'a}n, R and L{\'o}pez-Calva, Luis F},
  journal={World Bank Working Paper},
  year={2014}
}

@article{araujo2008local,
  title={Local inequality and project choice: Theory and evidence from Ecuador},
  author={Araujo, M Caridad and Ferreira, Francisco HG and Lanjouw, Peter and {\"O}zler, Berk},
  journal={Journal of Public Economics},
  volume={92},
  number={5-6},
  pages={1022--1046},
  year={2008},
  publisher={Elsevier}
}

@article{corbi2019regional,
  title={Regional transfer multipliers},
  author={Corbi, Raphael and Papaioannou, Elias and Surico, Paolo},
  journal={The Review of Economic Studies},
  volume={86},
  number={5},
  pages={1901--1934},
  year={2019},
  publisher={Oxford University Press}
}
@article{caselli2009oil,
  title={Do Oil Windfalls Improve Living Standards? Evidence from Brazil},
  author={Caselli, Francesco and Michaels, Guy},
  year={2009}
}
@article{jutting2004decentralisation,
  title={Decentralisation and poverty in developing countries: exploring the impact},
  author={J{\"u}tting, Johannes and Kauffmann, C{\'e}line and McDonnell, Ida and Osterrieder, Holger and Pinaud, Nicolas and Wegner, Lucia},
  year={2004},
  publisher={OECD}
}

@article{martinez2016evaluation,
  title={An evaluation of the 1997 expenditure decentralization reform in Mexico: The case of the health sector},
  author={Martinez Fritscher, Andre and Rodriguez Zamora, Carolina},
  journal={Public Finance Review},
  volume={44},
  number={5},
  pages={563--588},
  year={2016},
  publisher={SAGE PUBLICATIONS INC 2455 TELLER RD, THOUSAND OAKS, CA 91320 USA}
}

@article{merino2003descentralizacion,
  title={Descentralizaci{\'o}n del sistema de salud en el contexto del federalismo},
  author={Merino, Gustavo},
  journal={Caleidoscopio de la salud: de la investigaci{\'o}n a las pol{\'\i}ticas y de las pol{\'\i}ticas a la acci{\'o}n. M{\'e}xico DF: FUNSALUD},
  pages={195--207},
  year={2003}
}

@incollection{molina2014decentralization,
  title={Decentralization and Public Health: An Analysis of the Health System in Five Latin American Countries: Argentina, Brazil, Chile, Colombia and Mexico},
  author={Molina, Gloria and Vargas, Julian and Londo{\~n}o, Beatriz},
  booktitle={Decentralizing Health Services},
  pages={33--62},
  year={2014},
  publisher={Springer}
}

@article{moreno2001descentralizacion,
  title={La descentralizaci{\'o}n del gasto en salud en M{\'e}xico: una revisi{\'o}n de sus criterios de asignaci{\'o}n},
  author={Moreno Jaimes, Carlos},
  year={2001},
  publisher={Centro de Investigaci{\'o}n y Docencia Econ{\'o}micas, Divisi{\'o}n de Administraci{\'o}n~…}
}

@article{avendano2012evaluacion,
  title={Evaluaci{\'o}n del fondo de aportaciones para la educaci{\'o}n b{\'a}sica (FAEB)},
  author={Avenda{\~n}o Ramos, Er{\'e}ndira},
  journal={Econom{\'\i}a UNAM},
  volume={9},
  number={26},
  pages={82--95},
  year={2012},
  publisher={Universidad Nacional Aut{\'o}noma de M{\'e}xico, Facultad de Econom{\'\i}a}
}

@book{esquivel1999gasto,
  title={Gasto en educaci{\'o}n y desarrollo regional: una evaluaci{\'o}n inicial del fondo de aportaciones para la educaci{\'o}n b{\'a}sica y normal},
  author={Esquivel, Gerardo},
  year={1999},
  publisher={Centro de Estudios Econ{\'o}micos, El Colegio de M{\'e}xico}
}

@article{latapi2000financiamiento,
  title={El financiamiento de la educaci{\'o}n b{\'a}sica en el marco del federalismo},
  author={Latap{\'\i} Sarre, Pablo and Ulloa, Manuel},
  journal={Ciudad de M{\'e}xico: Centro de Estudios sobre la Universidad de la Unam.(Secci{\'o}n de Obras de Educaci{\'o}n y Pedagog{\'\i}a)},
  year={2000}
}

@article{guadarrama2008gasto,
  title={Gasto federal descentralizado y de estados y municipios},
  author={Guadarrama, C{\'e}sar Vel{\'a}zquez},
  year={2008}
}

@article{ramones2014efectos,
  title={Los efectos del fondo de aportaciones para la infraestructura social sobre la pobreza en M{\'e}xico},
  author={Ramones, Fernando and Prudencio, Daniel},
  journal={Regi{\'o}n y sociedad},
  volume={26},
  number={60},
  pages={63--88},
  year={2014}
}
@article{diaz2016fiscal,
  title={Fiscal federalism and redistribution in Mexico},
  author={Diaz-Cayeros, Alberto},
  journal={Federalism in Good Times and Bad., Forthcoming},
  year={2016}
}

@article{hernandez2016poverty,
  title={Poverty alleviation in federal systems: The case of M{\'e}xico},
  author={Hern{\'a}ndez-Trillo, Fausto},
  journal={World Development},
  volume={87},
  pages={204--214},
  year={2016},
  publisher={Elsevier}
}
@article{chong2015does,
  title={Does corruption information inspire the fight or quash the hope? A field experiment in Mexico on voter turnout, choice, and party identification},
  author={Chong, Alberto and De La O, Ana L and Karlan, Dean and Wantchekon, Leonard},
  journal={The Journal of Politics},
  volume={77},
  number={1},
  pages={55--71},
  year={2015},
  publisher={University of Chicago Press Chicago, IL}
}
@article{smith2016micro,
  title={Micro-incentives and municipal behavior: political decentralization and fiscal federalism in Argentina and Mexico},
  author={Smith, Heidi Jane M and Revell, Keith D},
  journal={World Development},
  volume={77},
  pages={231--248},
  year={2016},
  publisher={Elsevier}
}
@article{lopez2019poverty,
  title={Poverty convergence in a time of stagnation},
  author={Lopez-Calva, Luis F and Ortiz-Juarez, Eduardo and Rodr{\'\i}guez-Castel{\'a}n, Carlos},
  year={2019},
  publisher={World Bank, Washington, DC}
}
@article{elbers2003micro,
  title={Micro-level estimation of poverty and inequality},
  author={Elbers, Chris and Lanjouw, Jean O and Lanjouw, Peter},
  journal={Econometrica},
  volume={71},
  number={1},
  pages={355--364},
  year={2003},
  publisher={JSTOR}
}
@article{gruber2002elasticity,
  title={The elasticity of taxable income: evidence and implications},
  author={Gruber, Jon and Saez, Emmanuel},
  journal={Journal of public Economics},
  volume={84},
  number={1},
  pages={1--32},
  year={2002},
  publisher={Elsevier}
}
@article{criscuolo2019some,
  title={Some causal effects of an industrial policy},
  author={Criscuolo, Chiara and Martin, Ralf and Overman, Henry G and Van Reenen, John},
  journal={American Economic Review},
  volume={109},
  number={1},
  pages={48--85},
  year={2019}
}


    



@article{draca2012reagan,
  title={Reagan’s Innovation Dividend? Technological Impacts of the 1980s US Defense Build-Up.},
  author={Draca, Mirko and others},
  year={2012},
  publisher={Citeseer}
}
@article{atkinson2019case,
  title={THE CASE for GROWTH CENTERS},
  author={Atkinson, Robert D and Muro, Mark and Whiton, JACOB},
  year={2019}
}

@article{zou2018local,
  title={The Local Economic Impacts of Military Personnel},
  author={Zou, Ben},
  journal={Journal of Labor Economics},
  volume={36},
  number={3},
  pages={589--621},
  year={2018},
  publisher={University of Chicago Press Chicago, IL}
}


@article{adao2019shift,
  title={Shift-share designs: Theory and inference},
  author={Adao, Rodrigo and Koles{\'a}r, Michal and Morales, Eduardo},
  journal={The Quarterly Journal of Economics},
  volume={134},
  number={4},
  pages={1949--2010},
  year={2019},
  publisher={Oxford University Press}
}

@techreport{goldsmith2018bartik,
  title={Bartik instruments: What, when, why, and how},
  author={Goldsmith-Pinkham, Paul and Sorkin, Isaac and Swift, Henry},
  year={2018},
  institution={National Bureau of Economic Research}
}

@techreport{akcigit2017rise,
  title={The rise of american ingenuity: Innovation and inventors of the golden age},
  author={Akcigit, Ufuk and Grigsby, John and Nicholas, Tom},
  year={2017},
  institution={National Bureau of Economic Research}
}
@techreport{dechezlepretre2016tax,
  title={Do tax incentives for research increase firm innovation? An RD design for R\&D},
  author={Dechezlepr{\^e}tre, Antoine and Eini{\"o}, Elias and Martin, Ralf and Nguyen, Kieu-Trang and Van Reenen, John},
  year={2016},
  institution={National Bureau of Economic Research}
}
@article{bloom2002r,
  title={Do R\&D tax credits work? Evidence from a panel of countries 1979--1997},
  author={Bloom, Nick and Griffith, Rachel and Van Reenen, John},
  journal={Journal of Public Economics},
  volume={85},
  number={1},
  pages={1--31},
  year={2002},
  publisher={Elsevier}
}
@incollection{neumark2015place,
  title={Place-based policies},
  author={Neumark, David and Simpson, Helen},
  booktitle={Handbook of regional and urban economics},
  volume={5},
  pages={1197--1287},
  year={2015},
  publisher={Elsevier}
}
@techreport{akcigit2018taxation,
  title={Taxation and Innovation in the 20th Century},
  author={Akcigit, Ufuk and Grigsby, John and Nicholas, Tom and Stantcheva, Stefanie},
  year={2018},
  institution={National Bureau of Economic Research}
}
@techreport{bloom2017ideas,
  title={Are ideas getting harder to find?},
  author={Bloom, Nicholas and Jones, Charles I and Van Reenen, John and Webb, Michael},
  year={2017},
  institution={National Bureau of Economic Research}
}

@article{ramey2018government,
  title={Government spending multipliers in good times and in bad: evidence from US historical data},
  author={Ramey, Valerie A and Zubairy, Sarah},
  journal={Journal of Political Economy},
  volume={126},
  number={2},
  pages={850--901},
  year={2018},
  publisher={University of Chicago Press Chicago, IL}
}
@TechReport{Hall2001,
  author={Bronwyn H. Hall and Adam B. Jaffe and Manuel Trajtenberg},
  title={{The NBER Patent Citation Data File: Lessons, Insights and Methodological Tools}},
  year=2001,
  month=Oct,
  institution={National Bureau of Economic Research, Inc},
  type={NBER Working Papers},
  number={8498},
}

@article{moretti2013real,
  title={Real wage inequality},
  author={Moretti, Enrico},
  journal={American Economic Journal: Applied Economics},
  volume={5},
  number={1},
  pages={65--103},
  year={2013}
}

@article{eckert2019skilled,
  title={Skilled tradable services: The transformation of US high-skill labor markets},
  author={Eckert, Fabian and Ganapati, Sharat and Walsh, Conor},
  journal={Available at SSRN 3439118},
  year={2019}
}

@article{bell2019becomes,
  title={Who becomes an inventor in America? The importance of exposure to innovation},
  author={Bell, Alex and Chetty, Raj and Jaravel, Xavier and Petkova, Neviana and Van Reenen, John},
  journal={The Quarterly Journal of Economics},
  volume={134},
  number={2},
  pages={647--713},
  year={2019},
  publisher={Oxford University Press}
}

@article{hsieh2019housing,
  title={Housing constraints and spatial misallocation},
  author={Hsieh, Chang-Tai and Moretti, Enrico},
  journal={American Economic Journal: Macroeconomics},
  volume={11},
  number={2},
  pages={1--39},
  year={2019}
}

@article{chetty2018impacts1,
  title={The impacts of neighborhoods on intergenerational mobility I: Childhood exposure effects},
  author={Chetty, Raj and Hendren, Nathaniel},
  journal={The Quarterly Journal of Economics},
  volume={133},
  number={3},
  pages={1107--1162},
  year={2018},
  publisher={Oxford University Press}
}

@article{chetty2018impacts2,
  title={The impacts of neighborhoods on intergenerational mobility II: County-level estimates},
  author={Chetty, Raj and Hendren, Nathaniel},
  journal={The Quarterly Journal of Economics},
  volume={133},
  number={3},
  pages={1163--1228},
  year={2018},
  publisher={Oxford University Press}
}

@article{kline2014people,
  title={People, places, and public policy: Some simple welfare economics of local economic development programs},
  author={Kline, Patrick and Moretti, Enrico},
  year={2014},
  publisher={Annual Reviews}
}

@techreport{eckert2020imputing,
  title={Imputing Missing Values in the US Census Bureau's County Business Patterns},
  author={Eckert, Fabian and Fort, Teresa C and Schott, Peter K and Yang, Natalie J},
  year={2020},
  institution={National Bureau of Economic Research}
}

@article{ramey2011can,
  title={Can government purchases stimulate the economy?},
  author={Ramey, Valerie A},
  journal={Journal of Economic Literature},
  volume={49},
  number={3},
  pages={673--85},
  year={2011}
}

@article{demyanyk2019fiscal,
  title={Fiscal Stimulus and Consumer Debt},
  author={Demyanyk, Yuliya and Loutskina, Elena and Murphy, Daniel},
  journal={Review of Economics and Statistics},
  volume={101},
  number={4},
  pages={728--741},
  year={2019},
  publisher={MIT Press}
}
@techreport{hall2019tax,
  title={Tax policy for innovation},
  author={Hall, Bronwyn H},
  year={2019},
  institution={National Bureau of Economic Research}
}

@incollection{fishback2016world,
  title={World War II and US Economic Performance},
  author={Fishback, Price V and Jaworski, Taylor},
  booktitle={Economic History of Warfare and State Formation},
  pages={221--241},
  year={2016},
  publisher={Springer}
}
@article{fishback2013s,
  title={S econd W orld W ar spending and local economic activity in US counties, 1939--58},
  author={Fishback, Price and Cullen, Joseph A},
  journal={The Economic History Review},
  volume={66},
  number={4},
  pages={975--992},
  year={2013},
  publisher={Wiley Online Library}
}

@article{li2019long,
  title={The long-run effects of government spending on structural change: Evidence from Second World War defense contracts},
  author={Li, Zhimin and Koustas, Dmitri},
  journal={Economics Letters},
  volume={178},
  pages={66--69},
  year={2019},
  publisher={Elsevier}
}

@techreport{akcigit2017rise,
  title={The rise of american ingenuity: Innovation and inventors of the golden age},
  author={Akcigit, Ufuk and Grigsby, John and Nicholas, Tom},
  year={2017},
  institution={National Bureau of Economic Research}
}

@article{bloom2019toolkit,
  title={A toolkit of policies to promote innovation},
  author={Bloom, Nicholas and Van Reenen, John and Williams, Heidi},
  journal={Journal of Economic Perspectives},
  volume={33},
  number={3},
  pages={163--84},
  year={2019}
}

@article{autor2016importing,
  title={Importing political polarization? The electoral consequences of rising trade exposure},
  author={Autor, David and Dorn, David and Hanson, Gordon and Majlesi, Kaveh and others},
  year={2016},
  publisher={National Bureau of Economic Research Cambridge, MA}
}

@article{rodrik2018populism,
  title={Populism and the Economics of Globalization},
  author={Rodrik, Dani},
  journal={Journal of international business policy},
  volume={1},
  number={1-2},
  pages={12--33},
  year={2018},
  publisher={Springer}
}

@article{kline2013place,
  title={Place based policies with unemployment},
  author={Kline, Patrick and Moretti, Enrico},
  journal={American Economic Review},
  volume={103},
  number={3},
  pages={238--43},
  year={2013}
}

@article{ganong2017has,
  title={Why has regional income convergence in the US declined?},
  author={Ganong, Peter and Shoag, Daniel},
  journal={Journal of Urban Economics},
  volume={102},
  pages={76--90},
  year={2017},
  publisher={Elsevier}
}

@article{nakamura2014fiscal,
  title={Fiscal stimulus in a monetary union: Evidence from US regions},
  author={Nakamura, Emi and Steinsson, Jon},
  journal={American Economic Review},
  volume={104},
  number={3},
  pages={753--92},
  year={2014}
}

@Article{Auerbach2019,
author="Auerbach, Alan
and Gorodnichenko, Yuriy
and Murphy, Daniel",
title="Local Fiscal Multipliers and Fiscal Spillovers in the USA",
journal="IMF Economic Review",
year="2019",
month="Dec",
day="19",
abstract="We estimate local fiscal multipliers and spillovers for the USA using a rich dataset based on the US Department of Defense contracts and a variety of outcome variables relating to income and employment. We find strong positive spillovers across locations and industries. Both backward linkages and general equilibrium effects (e.g., income multipliers) contribute to the positive spillovers. Geographical spillovers appear to dissipate fairly quickly with distance. Our evidence points to the relevance of Keynesian-type models that feature excess capacity.",
issn="2041-417X",
doi="10.1057/s41308-019-00102-3",
url="https://doi.org/10.1057/s41308-019-00102-3"
}



@techreport{suarez2016estimating,
  title={Estimating local fiscal multipliers},
  author={Su{\'a}rez Serrato, Juan Carlos and Wingender, Philippe},
  year={2016},
  institution={National Bureau of Economic Research}
}

@article{moretti_kline_simpleWelfare,
author = {Kline, Patrick and Moretti, Enrico},
title = {People, Places, and Public Policy: Some Simple Welfare Economics of Local Economic Development Programs},
journal = {Annual Review of Economics},
volume = {6},
number = {1},
pages = {629-662},
year = {2014},
doi = {10.1146/annurev-economics-080213-041024},

URL = { 
        https://doi.org/10.1146/annurev-economics-080213-041024
    
},
eprint = { 
        https://doi.org/10.1146/annurev-economics-080213-041024
    
}
,
    abstract = { Most countries exhibit large and persistent geographical differences in wages, income, and unemployment rates. A growing class of place-based policies attempts to address these differences through public investments and subsidies that target disadvantaged neighborhoods, cities, or regions. Place-based policies have the potential to profoundly affect the location of economic activity, along with the wages, employment, and industry mix of communities. These programs are widespread in the United States and throughout the world but have only recently been studied closely by economists. We consider the following questions: Who benefits from place-based interventions? Do the national benefits outweigh the costs? What sorts of interventions are most likely to be effective? To study these questions, we develop a simple spatial equilibrium model designed to characterize the welfare effects of place-based policies on the local and the national economy. Using this model, we critically evaluate the economic rationales for place-based policies and assess the latest evidence on their effects. We conclude with some lessons for policy and directions for future research. }
}

@techreport{moretti2019intellectual,
  title={The Intellectual Spoils of War? Defense R\&D, Productivity and International Spillovers},
  author={Moretti, Enrico and Steinwender, Claudia and Van Reenen, John},
  year={2019},
  institution={National Bureau of Economic Research}
}

@article{chodorow2019geographic,
  title={Geographic cross-sectional fiscal spending multipliers: What have we learned?},
  author={Chodorow-Reich, Gabriel},
  journal={American Economic Journal: Economic Policy},
  volume={11},
  number={2},
  pages={1--34},
  year={2019}
}

@article{slavtchev2016does,
  title={Does the technological content of government demand matter for private R\&D? Evidence from US states},
  author={Slavtchev, Viktor and Wiederhold, Simon},
  journal={American Economic Journal: Macroeconomics},
  volume={8},
  number={2},
  pages={45--84},
  year={2016}
}
@article{bloom2019toolkit,
  title={A toolkit of policies to promote innovation},
  author={Bloom, Nicholas and Van Reenen, John and Williams, Heidi},
  journal={Journal of Economic Perspectives},
  volume={33},
  number={3},
  pages={163--84},
  year={2019}
}

@article{schmid2018diffusion,
  title={The diffusion of military technology},
  author={Schmid, Jon},
  journal={Defence and Peace Economics},
  volume={29},
  number={6},
  pages={595--613},
  year={2018},
  publisher={Taylor \& Francis}
}

@article{chodorow2019geographic,
  title={Geographic cross-sectional fiscal spending multipliers: What have we learned?},
  author={Chodorow-Reich, Gabriel},
  journal={American Economic Journal: Economic Policy},
  volume={11},
  number={2},
  pages={1--34},
  year={2019}
}

@article{corbi2019regional,
  title={Regional transfer multipliers},
  author={Corbi, Raphael and Papaioannou, Elias and Surico, Paolo},
  journal={The Review of Economic Studies},
  volume={86},
  number={5},
  pages={1901--1934},
  year={2019},
  publisher={Oxford University Press}
}
@article{cohen2011powerful,
  title={Do powerful politicians cause corporate downsizing?},
  author={Cohen, Lauren and Coval, Joshua and Malloy, Christopher},
  journal={Journal of Political Economy},
  volume={119},
  number={6},
  pages={1015--1060},
  year={2011},
  publisher={University of Chicago Press Chicago, IL}
}

@article{dupor2017local,
  title={Local and aggregate fiscal policy multipliers},
  author={Dupor, Bill and Guerrero, Rodrigo},
  journal={Journal of Monetary Economics},
  volume={92},
  pages={16--30},
  year={2017},
  publisher={Elsevier}
}

@article{boone2014political,
  title={The political economy of discretionary spending: Evidence from the American Recovery and Reinvestment Act},
  author={Boone, Christopher and Dube, Arindrajit and Kaplan, Ethan},
  journal={Brookings Papers on Economic Activity},
  pages={375--428},
  year={2014},
  publisher={JSTOR}
}
@article{kim2020effect,
  title={The effect of public spending on private investment},
  author={Kim, Taehyun and Nguyen, Quoc H},
  journal={Review of Finance},
  volume={24},
  number={2},
  pages={415--451},
  year={2020},
  publisher={Oxford University Press}
}
@article{asher2017politics,
  title={Politics and local economic growth: Evidence from India},
  author={Asher, Sam and Novosad, Paul},
  journal={American Economic Journal: Applied Economics},
  volume={9},
  number={1},
  pages={229--73},
  year={2017}
}
@article{brollo2013political,
  title={The political resource curse},
  author={Brollo, Fernanda and Nannicini, Tommaso and Perotti, Roberto and Tabellini, Guido},
  journal={American Economic Review},
  volume={103},
  number={5},
  pages={1759--96},
  year={2013}
}

@article{brollo2012tying,
  title={Tying your enemy's hands in close races: the politics of federal transfers in Brazil},
  author={Brollo, Fernanda and Nannicini, Tommaso},
  journal={American Political Science Review},
  volume={106},
  number={4},
  pages={742--761},
  year={2012},
  publisher={Cambridge University Press}
}

@article{hodler2014regional,
  title={Regional favoritism},
  author={Hodler, Roland and Raschky, Paul A},
  journal={The Quarterly Journal of Economics},
  volume={129},
  number={2},
  pages={995--1033},
  year={2014},
  publisher={MIT Press}
}

@article{bracco2015intergovernmental,
  title={Intergovernmental grants as signals and the alignment effect: Theory and evidence},
  author={Bracco, Emanuele and Lockwood, Ben and Porcelli, Francesco and Redoano, Michela},
  journal={Journal of public economics},
  volume={123},
  pages={78--91},
  year={2015},
  publisher={Elsevier}
}
@article{fiva2016local,
  title={Local favoritism in at-large proportional representation systems},
  author={Fiva, Jon H and Halse, Askill H},
  journal={Journal of Public Economics},
  volume={143},
  pages={15--26},
  year={2016},
  publisher={Elsevier}
}
@article{freier2015mayor,
  title={The mayor's advantage: Causal evidence on incumbency effects in German mayoral elections},
  author={Freier, Ronny},
  journal={European Journal of Political Economy},
  volume={40},
  pages={16--30},
  year={2015},
  publisher={Elsevier}
}
@article{curto2018does,
  title={Does electoral competition curb party favoritism?},
  author={Curto-Grau, Marta and Sol{\'e}-Oll{\'e}, Albert and Sorribas-Navarro, Pilar},
  journal={American Economic Journal: Applied Economics},
  volume={10},
  number={4},
  pages={378--407},
  year={2018}
}

%%%%%
%% Bibliography Chapter 3
%%%%%
@TechReport{Abrams2013,
  author={David S. Abrams and Ufuk Akcigit and Jillian Grennan},
  title={{Patent Value and Citations: Creative Destruction or Strategic Disruption?}},
  year=2013,
  month=Nov,
  institution={National Bureau of Economic Research, Inc},
  type={NBER Working Papers},
  number={19647}
}

@Article{Acemoglu2014,
  author={Daron Acemoglu and David Autor and David Dorn and Gordon H. Hanson and Brendan Price},
  title={{Return of the Solow Paradox? IT, Productivity, and Employment in US Manufacturing}},
  journal={American Economic Review},
  year=2014,
  volume={104},
  number={5},
  pages={394-399},
  month={May}
}

@Article{Acemoglu2018,
  author={Daron Acemoglu and Ufuk Akcigit and Harun Alp and Nicholas Bloom and William Kerr},
  title={{Innovation, Reallocation, and Growth}},
  journal={American Economic Review},
  year=2018,
  volume={108},
  number={11},
  pages={3450-3491},
  month={November}
}

@Article{Akcigit2016,
  author={Ufuk Akcigit and Salomé Baslandze and Stefanie Stantcheva},
  title={{Taxation and the International Mobility of Inventors}},
  journal={American Economic Review},
  year=2016,
  volume={106},
  number={10},
  pages={2930-2981},
  month={October}
}

@article{kropko2020interpretation,
  title={Interpretation and identification of within-unit and cross-sectional variation in panel data models},
  author={Kropko, Jonathan and Kubinec, Robert},
  journal={PloS one},
  volume={15},
  number={4},
  pages={e0231349},
  year={2020},
  publisher={Public Library of Science San Francisco, CA USA}
}
@Article{Alonso2017,
  title={Cutting Back on Labor Intensive Goods? Implications for Fiscal Stimulus},
  author={Alonso, Cristian},
   journal={Mimeo},
   year={2017}
}
@article{cohen2011powerful,
  title={Do powerful politicians cause corporate downsizing?},
  author={Cohen, Lauren and Coval, Joshua and Malloy, Christopher},
  journal={Journal of Political Economy},
  volume={119},
  number={6},
  pages={1015--1060},
  year={2011},
  publisher={University of Chicago Press Chicago, IL}
}
@article{chodorow2019geographic,
  title={Geographic cross-sectional fiscal spending multipliers: What have we learned?},
  author={Chodorow-Reich, Gabriel},
  journal={American Economic Journal: Economic Policy},
  volume={11},
  number={2},
  pages={1--34},
  year={2019}
}
@article{gervais2019tradability,
  title={The tradability of services: Geographic concentration and trade costs},
  author={Gervais, Antoine and Jensen, J Bradford},
  journal={Journal of International Economics},
  volume={118},
  pages={331--350},
  year={2019},
  publisher={Elsevier}
}
@Inproceedings{Atanassov2018,
  title={Crowding-out Innovation},
  author={Atanassov, Julian and Nanda, Vikram},
  booktitle={Proceedings. Annual Conference on Taxation and Minutes of the Annual Meeting of the National Tax Association},
  volume={111},
  pages={1--64},
  year={2018},
  organization={JSTOR}
}

@TechReport{Auclert2018,
  author={Adrien Auclert and Matthew Rognlie and Ludwig Straub},
  title={{The Intertemporal Keynesian Cross}},
  year=2018,
  month=Sep,
  institution={National Bureau of Economic Research, Inc},
  type={NBER Working Papers},
  number={25020}
}

@Article{Auerbach2020,
  author={Alan Auerbach and Yuriy Gorodnichenko and Daniel Murphy},
  title={{Local Fiscal Multipliers and Fiscal Spillovers in the USA}},
  journal={IMF Economic Review},
  year=2020,
  volume={68},
  number={1},
  pages={195-229},
  month={March}
}
@inproceedings{auerbach2020effects,
  title={Effects of fiscal policy on credit markets},
  author={Auerbach, Alan J and Gorodnichenko, Yuriy and Murphy, Daniel},
  booktitle={AEA Papers and Proceedings},
  volume={110},
  pages={119--24},
  year={2020}
}
@techreport{serrato2016estimating,
  title={Estimating local fiscal multipliers},
  author={Su{\'a}rez-Serrato, Juan Carlos and Wingender, Philippe},
  year={2016},
  institution={National Bureau of Economic Research}
}
@article{bruckner2014local,
  title={Local government spending multipliers and financial distress: evidence from Japanese prefectures},
  author={Br{\"u}ckner, Markus and Tuladhar, Anita},
  journal={The Economic Journal},
  volume={124},
  number={581},
  pages={1279--1316},
  year={2014},
  publisher={Oxford University Press Oxford, UK}
}
@article{basso2021young,
  title={The young, the old, and the government: Demographics and fiscal multipliers},
  author={Basso, Henrique S and Rachedi, Omar},
  journal={American Economic Journal: Macroeconomics},
  volume={13},
  number={4},
  pages={110--41},
  year={2021}
}
@article{corbi2019regional,
  title={Regional transfer multipliers},
  author={Corbi, Raphael and Papaioannou, Elias and Surico, Paolo},
  journal={The Review of Economic Studies},
  volume={86},
  number={5},
  pages={1901--1934},
  year={2019},
  publisher={Oxford University Press}
}

@Article{Bailey1971,
  title={National income and the price level},
  author={Bailey, Martin J},
  year={1971},
  publisher={McGraw-Hill}
}

@Article{Barro1981,
  author={Barro, Robert J},
  title={{Output Effects of Government Purchases}},
  journal={Journal of Political Economy},
  year=1981,
  volume={89},
  number={6},
  pages={1086-1121},
  month={December}
}

@Book{Bartik1991,
  author={Timothy J. Bartik},
  title={{Who Benefits from State and Local Economic Development Policies?}},
  publisher={W.E. Upjohn Institute for Employment Research},
  year=1991,
  month={},
  volume={},
  number={wbsle},
  series={Books from Upjohn Press}
}

@Article{Baxter1993,
  author={Baxter, Marianne and King, Robert G},
  title={{Fiscal Policy in General Equilibrium}},
  journal={American Economic Review},
  year=1993,
  volume={83},
  number={3},
  pages={315-334},
  month={June}
}

@Article{Blundell2008,
  author={Richard Blundell and Luigi Pistaferri and Ian Preston},
  title={{Consumption Inequality and Partial Insurance}},
  journal={American Economic Review},
  year=2008,
  volume={98},
  number={5},
  pages={1887-1921},
  month={December}
}

@Article{Blundell2014,
  author={Richard Blundell and Luigi Pistaferri and Itay Saporta-Eksten},
  title={{Consumption Inequality and Family Labor Supply}},
  journal={American Economic Review},
  year=2016,
  volume={106},
  number={2},
  pages={387-435},
  month={February}
}

@Article{Boehm2020,
  author={Boehm, Christoph E.},
  title={{Government consumption and investment: Does the composition of purchases affect the multiplier?}},
  journal={Journal of Monetary Economics},
  year=2020,
  volume={115},
  number={C},
  pages={80-93},
  month={}
}

@Article{Canzoneri2002,
  author={Matthew B. Canzoneri and Robert E. Cumby and Behzad T. Diba},
  title={{Should the European Central Bank and the Federal Reserve be concerned about fiscal policy?}},
  journal={Proceedings - Economic Policy Symposium - Jackson Hole},
  year=2002,
  volume={},
  number={},
  pages={333-389},
  month={},
  keywords={Federal Reserve System; Monetary policy; European Central Bank; Fiscal policy}
}

@Article{Carroll2014,
  title={Why Do Economists Still Disagree over Government Spending Multipliers?},
  author={Carroll, Daniel R},
  journal={Economic Commentary},
  number={2014-09},
  year={2014},
  publisher={Federal Reserve Bank of Cleveland}
}

@TechReport{Cox2021,
  author={Lydia Cox and Gernot Müller and Ernesto Pastén and Raphael Schoenle and Michael Weber},
  title={{Big G}},
  year=2020,
  month=Apr,
  institution={National Bureau of Economic Research, Inc},
  type={NBER Working Papers},
  number={27034}
}

@article{Demyanyk2019,
  title={Fiscal stimulus and consumer debt},
  author={Demyanyk, Yuliya and Loutskina, Elena and Murphy, Daniel},
  journal={Review of Economics and Statistics},
  volume={101},
  number={4},
  pages={728--741},
  year={2019},
  publisher={MIT Press}
}

@TechReport{Draca2013,
  author={Draca, Mirko},
  title={{Reagan’s Innovation Dividend? Technological Impacts of the 1980s US Defense Build-Up}},
  year=2013,
  institution={Competitive Advantage in the Global Economy (CAGE)},
  type={CAGE Online Working Paper Series},
  number={168}
}

@Article{Dupor2017,
  author={Dupor, Bill and Guerrero, Rodrigo},
  title={{Local and aggregate fiscal policy multipliers}},
  journal={Journal of Monetary Economics},
  year=2017,
  volume={92},
  number={C},
  pages={16-30}
}

@TechReport{Dupor2021,
  author={Dupor, William and Karabarbounis, Marios and Kudlyak, Marianna and Mehkari, M. Saif},
  title={{Regional Consumption Responses and the Aggregate Fiscal Multiplier}},
  year=2021,
  month=May,
  institution={C.E.P.R. Discussion Papers},
  type={CEPR Discussion Papers},
  number={16189}
}

@TechReport{Ferraz2015,
  author={Claudio Ferraz and Frederico Finan and Dimitri Szerman},
  title={{Procuring Firm Growth: The Effects of Government Purchases on Firm Dynamics}},
  year=2015,
  month=May,
  institution={National Bureau of Economic Research, Inc},
  type={NBER Working Papers},
  number={21219}
}

@TechReport{Gordon2010,
  author={Robert J. Gordon and Robert Krenn},
  title={{The End of the Great Depression 1939-41: Policy Contributions and Fiscal Multipliers}},
  year=2010,
  month=Sep,
  institution={National Bureau of Economic Research, Inc},
  type={NBER Working Papers},
  number={16380}
}

@TechReport{Hagedorn2019,
  author={Marcus Hagedorn and Iourii Manovskii and Kurt Mitman},
  title={{The Fiscal Multiplier}},
  year=2019,
  month=Feb,
  institution={National Bureau of Economic Research, Inc},
  type={NBER Working Papers},
  number={25571}
}

@TechReport{Hall2001,
  author={Bronwyn H. Hall and Adam B. Jaffe and Manuel Trajtenberg},
  title={{The NBER Patent Citation Data File: Lessons, Insights and Methodological Tools}},
  year=2001,
  month=Oct,
  institution={National Bureau of Economic Research, Inc},
  type={NBER Working Papers},
  number={8498},
}

@Article{Hall2009,
  author={Robert E. Hall},
  title={{By How Much Does GDP Rise If the Government Buys More Output?}},
  journal={Brookings Papers on Economic Activity},
  year=2009,
  volume={40},
  number={2 (Fall)},
  pages={183-249},
  month={}
}

@Article{Hines2011,
  author={Susan J. Guthrie and Hines, James R. Jr.},
  title={{U.S. Defense Contracts during the Tax expenditure Battles of the 1980s}},
  journal={National Tax Journal},
  year=2011,
  volume={64},
  number={2},
  pages={731-751},
  month={June}
}

@Article{Huggett2001,
  author={Huggett, Mark and Ospina, Sandra},
  title={{Does productivity growth fall after the adoption of new technology?}},
  journal={Journal of Monetary Economics},
  year=2001,
  volume={48},
  number={1},
  pages={173-195},
  month={August}
}

@book{Isard1962,
  title={Awards of Prime Military Contracts by County, State and Metropolitan Area of the United States, Fiscal Year 1960},
  author={Isard, Walter},
  year={1962},
  publisher={Regional Science Research Institute}
}

@Article{Juarros2021,
  title={Fiscal stimulus, credit frictions and the amplification effects of small firms},
  author={Juarros, Pedro},
  year={2021},
  journal={Mimeo}
}

@Article{Kaplan2010,
  author={Greg Kaplan and Giovanni L. Violante},
  title={{How Much Consumption Insurance beyond Self-Insurance?}},
  journal={American Economic Journal: Macroeconomics},
  year=2010,
  volume={2},
  number={4},
  pages={53-87},
  month={October}
}

@Mimeo{Lee2021,
  title={Government Purchases and Firm Growth},
  author={Lee, Munseob},
  year={2021}
}

@TechReport{Lerner2017,
  author={Josh Lerner and Amit Seru},
  title={{The Use and Misuse of Patent Data: Issues for Corporate Finance and Beyond}},
  year=2017,
  month=Nov,
  institution={National Bureau of Economic Research, Inc},
  type={NBER Working Papers},
  number={24053},
}

@Article{Lewis2017,
  author={Vivien Lewis and Roland Winkler},
  title={{Government Spending, Entry, And The Consumption Crowding‐In Puzzle}},
  journal={International Economic Review},
  year=2017,
  volume={58},
  number={3},
  pages={943-972},
  month={August}
}

@Article{Mountford2009,
  author={Andrew Mountford and Harald Uhlig},
  title={{What are the effects of fiscal policy shocks?}},
  journal={Journal of Applied Econometrics},
  year=2009,
  volume={24},
  number={6},
  pages={960-992},
  month={}
}

@Article{Nakamura2014,
  author={Emi Nakamura and J?n Steinsson},
  title={{Fiscal Stimulus in a Monetary Union: Evidence from US Regions}},
  journal={American Economic Review},
  year=2014,
  volume={104},
  number={3},
  pages={753-792},
  month={March}
}

@Article{Perotti2005,
  author={Roberto Perotti},
  title={{Estimating the effects of fiscal policy in OECD countries}},
  journal={Proceedings},
  year=2005,
  volume={},
  number={},
  pages={},
  month={}
}

@Article{Ramey2019,
  author={Valerie A. Ramey},
  title={{Ten Years after the Financial Crisis: What Have We Learned from the Renaissance in Fiscal Research?}},
  journal={Journal of Economic Perspectives},
  year=2019,
  volume={33},
  number={2},
  pages={89-114},
  month={Spring}
}

@Mimeo{Shoag2015,
  title={The impact of government spending shocks: Evidence on the multiplier from state pension plan returns},
  author={Shoag, Daniel},
  year={2015}
}

@techreport{ramey2020macroeconomic,
  title={The macroeconomic consequences of infrastructure investment},
  author={Ramey, Valerie A and others},
  year={2020},
  institution={National Bureau of Economic Research}
}

@Article{Slavtchev2016,
  author={Viktor Slavtchev and Simon Wiederhold},
  title={{Does the Technological Content of Government Demand Matter for Private R\&D? Evidence from US States}},
  journal={American Economic Journal: Macroeconomics},
  year=2016,
  volume={8},
  number={2},
  pages={45-84},
  month={April}
}





%%%%%%% Resource curse 
@article{robinson2005white,
  title={White elephants},
  author={Robinson, James A and Torvik, Ragnar},
  journal={Journal of public economics},
  volume={89},
  number={2-3},
  pages={197--210},
  year={2005},
  publisher={Elsevier}
}
@article{asher2018rent,
  title={Rent-seeking and criminal politicians: Evidence from mining booms},
  author={Asher, Sam and Novosad, Paul},
  journal={Review of Economic and Statistics},
  year={2020}
}
@phdthesis{vogel2021effect,
  title={The Effect of Oil Windfalls on Political Corruption: Evidence from Brazil},
  author={Vogel, Kathryn Baragwanath},
  year={2021},
  school={University of California, San Diego}
}
@article{colonnelli2020corruption,
  title={Corruption and firms},
  author={Colonnelli, Emanuele and Prem, Mounu},
  journal={Available at SSRN 2931602},
  year={2020}
}
@article{chong2015does,
  title={Does corruption information inspire the fight or quash the hope? A field experiment in Mexico on voter turnout, choice, and party identification},
  author={Chong, Alberto and De La O, Ana L and Karlan, Dean and Wantchekon, Leonard},
  journal={The Journal of Politics},
  volume={77},
  number={1},
  pages={55--71},
  year={2015},
  publisher={University of Chicago Press Chicago, IL}
}
@techreport{arias2018priors,
  title={Priors rule: When do malfeasance revelations help or hurt incumbent parties?},
  author={Arias, Eric and Larreguy, Horacio and Marshall, John and Querubin, Pablo},
  year={2018},
  institution={National Bureau of Economic Research}
}
@article{ajzenman2021power,
  title={The power of example: Corruption spurs corruption},
  author={Ajzenman, Nicol{\'a}s},
  journal={American Economic Journal: Applied Economics},
  volume={13},
  number={2},
  pages={230--57},
  year={2021}
}
@article{robinson2005white,
  title={White elephants},
  author={Robinson, James A and Torvik, Ragnar},
  journal={Journal of public economics},
  volume={89},
  number={2-3},
  pages={197--210},
  year={2005},
  publisher={Elsevier}
}


@article{torvik2002natural,
  title={Natural resources, rent seeking and welfare},
  author={Torvik, Ragnar},
  journal={Journal of development economics},
  volume={67},
  number={2},
  pages={455--470},
  year={2002},
  publisher={Elsevier}
}

%%%% informality and productivity 
@article{la2014informality,
  title={Informality and development},
  author={La Porta, Rafael and Shleifer, Andrei},
  journal={Journal of economic perspectives},
  volume={28},
  number={3},
  pages={109--26},
  year={2014}
}
@article{hanson2010isn,
  title={Why isn't Mexico rich?},
  author={Hanson, Gordon H},
  journal={Journal of Economic Literature},
  volume={48},
  number={4},
  pages={987--1004},
  year={2010}
}
@book{alvarez2019informality,
  title={Informality and Aggregate Productivity: The Case of Mexico},
  author={Alvarez, Jorge and Ruane, Mr Cian},
  year={2019},
  publisher={International Monetary Fund}
}
@book{algazi2018under,
  title={Under-rewarded efforts: The elusive quest for prosperity in Mexico},
  author={Levy, Santiago },
  year={2018},
  publisher={Inter-American Development Bank}
}
@article{bosch2014trade,
  title={The trade-offs of welfare policies in labor markets with informal jobs: The case of the" Seguro Popular" program in Mexico},
  author={Bosch, Mariano and Campos-Vazquez, Raymundo M},
  journal={American Economic Journal: Economic Policy},
  volume={6},
  number={4},
  pages={71--99},
  year={2014}
}
@article{maloney1999does,
  title={Does informality imply segmentation in urban labor markets? Evidence from sectoral transitions in Mexico},
  author={Maloney, William F},
  journal={The World Bank Economic Review},
  volume={13},
  number={2},
  pages={275--302},
  year={1999},
  publisher={Oxford University Press}
}
@techreport{alcaraz2015informality,
  title={Informality and segmentation in the Mexican labor market},
  author={Alcaraz, Carlo and Chiquiar, Daniel and Salcedo, Alejandrina},
  year={2015},
  institution={Working Papers}
}
%%%%%%%%%%%%%%%%%%%%%%%%%%%%%

@article{goldberg2008lessons,
  title={Lessons from strange cases: Democracy, development, and the resource curse in the US states},
  author={Goldberg, Ellis and Wibbels, Erik and Mvukiyehe, Eric},
  journal={Comparative Political Studies},
  volume={41},
  number={4-5},
  pages={477--514},
  year={2008},
  publisher={Sage Publications Sage CA: Los Angeles, CA}
}
@article{chen2016land,
  title={Do land revenue windfalls create a political resource curse? Evidence from China},
  author={Chen, Ting and Kung, JK-S},
  journal={Journal of Development Economics},
  volume={123},
  pages={86--106},
  year={2016},
  publisher={Elsevier}
}
@article{carreri2017natural,
  title={Do natural resources influence who comes to power, and how?},
  author={Carreri, Maria and Dube, Oeindrila},
  journal={The Journal of Politics},
  volume={79},
  number={2},
  pages={502--518},
  year={2017},
  publisher={University of Chicago Press Chicago, IL}
}




%%%%%%%Infrastructure and employment
@article{leduc2017state,
  title={Are State governments roadblocks to federal stimulus? Evidence on the Flypaper Effect of Highway Grants in the 2009 Recovery Act},
  author={Leduc, Sylvain and Wilson, Daniel},
  journal={American Economic Journal: Economic Policy},
  volume={9},
  number={2},
  pages={253--92},
  year={2017}
}
@article{wilson2012fiscal,
  title={Fiscal spending jobs multipliers: Evidence from the 2009 American Recovery and Reinvestment Act},
  author={Wilson, Daniel J},
  journal={American Economic Journal: Economic Policy},
  volume={4},
  number={3},
  pages={251--82},
  year={2012}
}
@article{dupor20162009,
  title={The 2009 Recovery Act: Stimulus at the extensive and intensive labor margins},
  author={Dupor, Bill and Mehkari, M Saif},
  journal={European Economic Review},
  volume={85},
  pages={208--228},
  year={2016},
  publisher={Elsevier}
}
@article{conley2013american,
  title={The American Recovery and Reinvestment Act: solely a government jobs program?},
  author={Conley, Timothy G and Dupor, Bill},
  journal={Journal of monetary Economics},
  volume={60},
  number={5},
  pages={535--549},
  year={2013},
  publisher={Elsevier}
}
@article{chodorow2012does,
  title={Does state fiscal relief during recessions increase employment? Evidence from the American Recovery and Reinvestment Act},
  author={Chodorow-Reich, Gabriel and Feiveson, Laura and Liscow, Zachary and Woolston, William Gui},
  journal={American Economic Journal: Economic Policy},
  volume={4},
  number={3},
  pages={118--45},
  year={2012}
}
@article{buchheim2020job,
  title={Job creation in tight and slack labor markets},
  author={Buchheim, Lukas and Watzinger, Martin and Wilhelm, Matthias},
  journal={Journal of Monetary Economics},
  volume={114},
  pages={126--143},
  year={2020},
  publisher={Elsevier}
}
@article{buchheim2017employment,
  title={The employment effects of countercyclical infrastructure investments},
  author={Buchheim, Lukas and Watzinger, Martin},
  journal={Available at SSRN 2928165},
  year={2017}
}

@article{boehm2020government,
  title={Government consumption and investment: Does the composition of purchases affect the multiplier?},
  author={Boehm, Christoph E},
  journal={Journal of Monetary Economics},
  volume={115},
  pages={80--93},
  year={2020},
  publisher={Elsevier}
}

@article{nytsenatebill,
 author  = {Cochrane, Emily},
 entrysubtype = {newspaper},
   year={2021},
 date    = {2021-08-10},
 title   = {The Senate passes the infrastructure bill, and turns to the Democratic budget.},
 journal = {The New York Times},
 url     = {https://www.nytimes.com/2021/08/10/us/politics/senate-infrastructure-bill.html},
 urldate = {2021-08-21}
}
@article{garin2019putting,
  title={Putting America to work, where? Evidence on the effectiveness of infrastructure construction as a locally targeted employment policy},
  author={Garin, Andrew},
  journal={Journal of Urban Economics},
  volume={111},
  pages={108--131},
  year={2019},
  publisher={Elsevier}
}
@article{dupor2017so,
  title={So, Why Didn’t the 2009 Recovery Act Improve the Nation’s Highways and Bridges?},
  author={Dupor, Bill},
  journal={Federal Reserve Bank of St. Louis Review},
  volume={77},
  pages={H54},
  year={2017}
}

@article{alloza2021jobs,
  title={Jobs multipliers: Evidence from a large fiscal stimulus in Spain},
  author={Alloza, Mario and Sanz, Carlos},
  journal={The Scandinavian Journal of Economics},
  volume={123},
  number={3},
  pages={751--779},
  year={2021},
  publisher={Wiley Online Library}
}


%%%%%%%%%%% Roads and Trade in the long run 

@techreport{allen2019welfare,
  title={The welfare effects of transportation infrastructure improvements},
  author={Allen, Treb and Arkolakis, Costas},
  year={2019},
  institution={National Bureau of Economic Research}
}

@book{yaffe2020essays,
  title={Essays on the Effects of Highway Spending},
  author={Yaffe, Daniel Leff},
  year={2020},
  publisher={University of California, San Diego}
}

@article{leduc2013roads,
  title={Roads to prosperity or bridges to nowhere? Theory and evidence on the impact of public infrastructure investment},
  author={Leduc, Sylvain and Wilson, Daniel},
  journal={NBER Macroeconomics Annual},
  volume={27},
  number={1},
  pages={89--142},
  year={2013},
  publisher={University of Chicago Press Chicago, IL}
}

@article{henry2019global,
  title={Global infrastructure: Potential, perils, and a framework for distinction},
  author={Henry, Peter Blair and Gardner, Camille},
  journal={NYU Stern School of Business},
  year={2019}
}


@BOOK{RePEc:pup:pbooks:10544,
title = {The Rise and Fall of American Growth: The U.S. Standard of Living since the Civil War},
author = {Gordon, Robert J.},
year = {2016},
edition = {1},
publisher = {Princeton University Press},
abstract = {},
keywords = {economics; history; sociology; America; US; innovation; technology; industry; growth; philosophy; government; politics},
url = {https://EconPapers.repec.org/RePEc:pup:pbooks:10544}
}

%%Ramo 33
@book{diaz2004descentralizacion,
  title={Descentralizaci{\'o}n a escala municipal en M{\'e}xico: la inversi{\'o}n en infraestructura social},
  author={D{\'\i}az Cayeros, Alberto and Silva Casta{\~n}eda, Sergio},
  year={2004},
  publisher={CEPAL}
}
@article{langston2010governors,
  title={Governors and “their” deputies: New legislative principals in Mexico},
  author={Langston, Joy},
  journal={Legislative Studies Quarterly},
  volume={35},
  number={2},
  pages={235--258},
  year={2010},
  publisher={Wiley Online Library}
}
@article{trillo2007transferences,
  title={Transferences condicionadas federales en pa{\'\i}ses en desarrollo: el caso del FISM en M{\'e}xico},
  author={Trillo, Fausto Hern{\'a}ndez and Rabling, Brenda Jarillo},
  journal={Estudios Econ{\'o}micos},
  pages={143--184},
  year={2007},
  publisher={JSTOR}
}
@article{bertrand2004much,
  title={How much should we trust differences-in-differences estimates?},
  author={Bertrand, Marianne and Duflo, Esther and Mullainathan, Sendhil},
  journal={The Quarterly journal of economics},
  volume={119},
  number={1},
  pages={249--275},
  year={2004},
  publisher={MIT Press}
}
@techreport{ramey2020macroeconomic,
  title={The macroeconomic consequences of infrastructure investment},
  author={Ramey, Valerie A},
  year={2020},
  institution={National Bureau of Economic Research}
}
@article{golden2013distributive,
  title={Distributive politics around the world},
  author={Golden, Miriam and Min, Brian},
  journal={Annual Review of Political Science},
  volume={16},
  pages={73--99},
  year={2013},
  publisher={Annual Reviews}
}

%%%%%%%%%%%Metodology 
@article{hahn2001identification,
  title={Identification and estimation of treatment effects with a regression-discontinuity design},
  author={Hahn, Jinyong and Todd, Petra and Van der Klaauw, Wilbert},
  journal={Econometrica},
  volume={69},
  number={1},
  pages={201--209},
  year={2001},
  publisher={JSTOR}
}
@article{gelman2019high,
  title={Why high-order polynomials should not be used in regression discontinuity designs},
  author={Gelman, Andrew and Imbens, Guido},
  journal={Journal of Business \& Economic Statistics},
  volume={37},
  number={3},
  pages={447--456},
  year={2019},
  publisher={Taylor \& Francis}
}

@article{cellini2010value,
  title={The value of school facility investments: Evidence from a dynamic regression discontinuity design},
  author={Cellini, Stephanie Riegg and Ferreira, Fernando and Rothstein, Jesse},
  journal={The Quarterly Journal of Economics},
  volume={125},
  number={1},
  pages={215--261},
  year={2010},
  publisher={MIT Press}
}
@techreport{abadie2017should,
  title={When should you adjust standard errors for clustering?},
  author={Abadie, Alberto and Athey, Susan and Imbens, Guido W and Wooldridge, Jeffrey},
  year={2017},
  institution={National Bureau of Economic Research}
}

@article{de2016misunderstandings,
  title={Misunderstandings about the regression discontinuity design in the study of close elections},
  author={De la Cuesta, Brandon and Imai, Kosuke},
  journal={Annual Review of Political Science},
  volume={19},
  pages={375--396},
  year={2016},
  publisher={Annual Reviews}
}
@article{bugni2021testing,
  title={Testing Continuity of a Density via g-order statistics in the Regression Discontinuity Design},
  author={Bugni, Federico A and Canay, Ivan A},
  journal={Journal of Econometrics},
  volume={221},
  number={1},
  pages={138--159},
  year={2021},
  publisher={Elsevier}
}
{"mode":"full","isActive":false}


@article{canay2018approximate,
  title={Approximate permutation tests and induced order statistics in the regression discontinuity design},
  author={Canay, Ivan A and Kamat, Vishal},
  journal={The Review of Economic Studies},
  volume={85},
  number={3},
  pages={1577--1608},
  year={2018},
  publisher={Oxford University Press}
}


@article{calonico2020optimal,
  title={Optimal bandwidth choice for robust bias-corrected inference in regression discontinuity designs},
  author={Calonico, Sebastian and Cattaneo, Matias D and Farrell, Max H},
  journal={The Econometrics Journal},
  volume={23},
  number={2},
  pages={192--210},
  year={2020},
  publisher={Oxford University Press}
}



@article{mccrary2008manipulation,
  title={Manipulation of the running variable in the regression discontinuity design: A density test},
  author={McCrary, Justin},
  journal={Journal of econometrics},
  volume={142},
  number={2},
  pages={698--714},
  year={2008},
  publisher={Elsevier}
}
{"mode":"full","isActive":false}








@article{draca2012reagan,
  title={Reagan’s Innovation Dividend? Technological Impacts of the 1980s US Defense Build-Up.},
  author={Draca, Mirko and others},
  year={2012},
  publisher={Citeseer}
}
@article{atkinson2019case,
  title={THE CASE for GROWTH CENTERS},
  author={Atkinson, Robert D and Muro, Mark and Whiton, JACOB},
  year={2019}
}

%nothing 
@article{zou2018local,
  title={The Local Economic Impacts of Military Personnel},
  author={Zou, Ben},
  journal={Journal of Labor Economics},
  volume={36},
  number={3},
  pages={589--621},
  year={2018},
  publisher={University of Chicago Press Chicago, IL}
}


@article{adao2019shift,
  title={Shift-share designs: Theory and inference},
  author={Adao, Rodrigo and Koles{\'a}r, Michal and Morales, Eduardo},
  journal={The Quarterly Journal of Economics},
  volume={134},
  number={4},
  pages={1949--2010},
  year={2019},
  publisher={Oxford University Press}
}

@techreport{goldsmith2018bartik,
  title={Bartik instruments: What, when, why, and how},
  author={Goldsmith-Pinkham, Paul and Sorkin, Isaac and Swift, Henry},
  year={2018},
  institution={National Bureau of Economic Research}
}

@techreport{akcigit2017rise,
  title={The rise of american ingenuity: Innovation and inventors of the golden age},
  author={Akcigit, Ufuk and Grigsby, John and Nicholas, Tom},
  year={2017},
  institution={National Bureau of Economic Research}
}
@techreport{dechezlepretre2016tax,
  title={Do tax incentives for research increase firm innovation? An RD design for R\&D},
  author={Dechezlepr{\^e}tre, Antoine and Eini{\"o}, Elias and Martin, Ralf and Nguyen, Kieu-Trang and Van Reenen, John},
  year={2016},
  institution={National Bureau of Economic Research}
}
@article{bloom2002r,
  title={Do R\&D tax credits work? Evidence from a panel of countries 1979--1997},
  author={Bloom, Nick and Griffith, Rachel and Van Reenen, John},
  journal={Journal of Public Economics},
  volume={85},
  number={1},
  pages={1--31},
  year={2002},
  publisher={Elsevier}
}
@incollection{neumark2015place,
  title={Place-based policies},
  author={Neumark, David and Simpson, Helen},
  booktitle={Handbook of regional and urban economics},
  volume={5},
  pages={1197--1287},
  year={2015},
  publisher={Elsevier}
}
@techreport{akcigit2018taxation,
  title={Taxation and Innovation in the 20th Century},
  author={Akcigit, Ufuk and Grigsby, John and Nicholas, Tom and Stantcheva, Stefanie},
  year={2018},
  institution={National Bureau of Economic Research}
}
@techreport{bloom2017ideas,
  title={Are ideas getting harder to find?},
  author={Bloom, Nicholas and Jones, Charles I and Van Reenen, John and Webb, Michael},
  year={2017},
  institution={National Bureau of Economic Research}
}

@article{ramey2018government,
  title={Government spending multipliers in good times and in bad: evidence from US historical data},
  author={Ramey, Valerie A and Zubairy, Sarah},
  journal={Journal of Political Economy},
  volume={126},
  number={2},
  pages={850--901},
  year={2018},
  publisher={University of Chicago Press Chicago, IL}
}
@TechReport{Hall2001,
  author={Bronwyn H. Hall and Adam B. Jaffe and Manuel Trajtenberg},
  title={{The NBER Patent Citation Data File: Lessons, Insights and Methodological Tools}},
  year=2001,
  month=Oct,
  institution={National Bureau of Economic Research, Inc},
  type={NBER Working Papers},
  number={8498},
}

@article{moretti2013real,
  title={Real wage inequality},
  author={Moretti, Enrico},
  journal={American Economic Journal: Applied Economics},
  volume={5},
  number={1},
  pages={65--103},
  year={2013}
}

@article{eckert2019skilled,
  title={Skilled tradable services: The transformation of US high-skill labor markets},
  author={Eckert, Fabian and Ganapati, Sharat and Walsh, Conor},
  journal={Available at SSRN 3439118},
  year={2019}
}

@article{bell2019becomes,
  title={Who becomes an inventor in America? The importance of exposure to innovation},
  author={Bell, Alex and Chetty, Raj and Jaravel, Xavier and Petkova, Neviana and Van Reenen, John},
  journal={The Quarterly Journal of Economics},
  volume={134},
  number={2},
  pages={647--713},
  year={2019},
  publisher={Oxford University Press}
}

@article{hsieh2019housing,
  title={Housing constraints and spatial misallocation},
  author={Hsieh, Chang-Tai and Moretti, Enrico},
  journal={American Economic Journal: Macroeconomics},
  volume={11},
  number={2},
  pages={1--39},
  year={2019}
}

@article{chetty2018impacts1,
  title={The impacts of neighborhoods on intergenerational mobility I: Childhood exposure effects},
  author={Chetty, Raj and Hendren, Nathaniel},
  journal={The Quarterly Journal of Economics},
  volume={133},
  number={3},
  pages={1107--1162},
  year={2018},
  publisher={Oxford University Press}
}

@article{chetty2018impacts2,
  title={The impacts of neighborhoods on intergenerational mobility II: County-level estimates},
  author={Chetty, Raj and Hendren, Nathaniel},
  journal={The Quarterly Journal of Economics},
  volume={133},
  number={3},
  pages={1163--1228},
  year={2018},
  publisher={Oxford University Press}
}

@article{kline2014people,
  title={People, places, and public policy: Some simple welfare economics of local economic development programs},
  author={Kline, Patrick and Moretti, Enrico},
  year={2014},
  publisher={Annual Reviews}
}

@techreport{eckert2020imputing,
  title={Imputing Missing Values in the US Census Bureau's County Business Patterns},
  author={Eckert, Fabian and Fort, Teresa C and Schott, Peter K and Yang, Natalie J},
  year={2020},
  institution={National Bureau of Economic Research}
}

@article{ramey2011can,
  title={Can government purchases stimulate the economy?},
  author={Ramey, Valerie A},
  journal={Journal of Economic Literature},
  volume={49},
  number={3},
  pages={673--85},
  year={2011}
}

@article{demyanyk2019fiscal,
  title={Fiscal Stimulus and Consumer Debt},
  author={Demyanyk, Yuliya and Loutskina, Elena and Murphy, Daniel},
  journal={Review of Economics and Statistics},
  volume={101},
  number={4},
  pages={728--741},
  year={2019},
  publisher={MIT Press}
}
@techreport{hall2019tax,
  title={Tax policy for innovation},
  author={Hall, Bronwyn H},
  year={2019},
  institution={National Bureau of Economic Research}
}

@incollection{fishback2016world,
  title={World War II and US Economic Performance},
  author={Fishback, Price V and Jaworski, Taylor},
  booktitle={Economic History of Warfare and State Formation},
  pages={221--241},
  year={2016},
  publisher={Springer}
}
@article{fishback2013s,
  title={S econd W orld W ar spending and local economic activity in US counties, 1939--58},
  author={Fishback, Price and Cullen, Joseph A},
  journal={The Economic History Review},
  volume={66},
  number={4},
  pages={975--992},
  year={2013},
  publisher={Wiley Online Library}
}

@article{li2019long,
  title={The long-run effects of government spending on structural change: Evidence from Second World War defense contracts},
  author={Li, Zhimin and Koustas, Dmitri},
  journal={Economics Letters},
  volume={178},
  pages={66--69},
  year={2019},
  publisher={Elsevier}
}

@techreport{akcigit2017rise,
  title={The rise of american ingenuity: Innovation and inventors of the golden age},
  author={Akcigit, Ufuk and Grigsby, John and Nicholas, Tom},
  year={2017},
  institution={National Bureau of Economic Research}
}

@article{bloom2019toolkit,
  title={A toolkit of policies to promote innovation},
  author={Bloom, Nicholas and Van Reenen, John and Williams, Heidi},
  journal={Journal of Economic Perspectives},
  volume={33},
  number={3},
  pages={163--84},
  year={2019}
}

@article{autor2016importing,
  title={Importing political polarization? The electoral consequences of rising trade exposure},
  author={Autor, David and Dorn, David and Hanson, Gordon and Majlesi, Kaveh and others},
  year={2016},
  publisher={National Bureau of Economic Research Cambridge, MA}
}

@article{rodrik2018populism,
  title={Populism and the Economics of Globalization},
  author={Rodrik, Dani},
  journal={Journal of international business policy},
  volume={1},
  number={1-2},
  pages={12--33},
  year={2018},
  publisher={Springer}
}

@article{kline2013place,
  title={Place based policies with unemployment},
  author={Kline, Patrick and Moretti, Enrico},
  journal={American Economic Review},
  volume={103},
  number={3},
  pages={238--43},
  year={2013}
}

@article{ganong2017has,
  title={Why has regional income convergence in the US declined?},
  author={Ganong, Peter and Shoag, Daniel},
  journal={Journal of Urban Economics},
  volume={102},
  pages={76--90},
  year={2017},
  publisher={Elsevier}
}
@article{yagan2019employment,
  title={Employment hysteresis from the great recession},
  author={Yagan, Danny},
  journal={Journal of Political Economy},
  volume={127},
  number={5},
  pages={2505--2558},
  year={2019},
  publisher={The University of Chicago Press Chicago, IL}
}
@article{bouakez2020government,
  title={The government spending multiplier in a multi-sector economy},
  author={Bouakez, Hafedh and Rachedi, Omar and Santoro, Emiliano},
  journal={American Economic Journal: Macroeconomics},
  year={2020}
}
@article{vom2022investment,
  title={The investment network, sectoral comovement, and the changing US business cycle},
  author={Vom Lehn, Christian and Winberry, Thomas},
  journal={The Quarterly Journal of Economics},
  volume={137},
  number={1},
  pages={387--433},
  year={2022},
  publisher={Oxford University Press}
}

@Article{Auerbach2019,
author="Auerbach, Alan
and Gorodnichenko, Yuriy
and Murphy, Daniel",
title="Local Fiscal Multipliers and Fiscal Spillovers in the USA",
journal="IMF Economic Review",
year="2019",
month="Dec",
day="19",
abstract="We estimate local fiscal multipliers and spillovers for the USA using a rich dataset based on the US Department of Defense contracts and a variety of outcome variables relating to income and employment. We find strong positive spillovers across locations and industries. Both backward linkages and general equilibrium effects (e.g., income multipliers) contribute to the positive spillovers. Geographical spillovers appear to dissipate fairly quickly with distance. Our evidence points to the relevance of Keynesian-type models that feature excess capacity.",
issn="2041-417X",
doi="10.1057/s41308-019-00102-3",
url="https://doi.org/10.1057/s41308-019-00102-3"
}



@techreport{suarez2016estimating,
  title={Estimating local fiscal multipliers},
  author={Su{\'a}rez Serrato, Juan Carlos and Wingender, Philippe},
  year={2016},
  institution={National Bureau of Economic Research}
}

@article{moretti_kline_simpleWelfare,
author = {Kline, Patrick and Moretti, Enrico},
title = {People, Places, and Public Policy: Some Simple Welfare Economics of Local Economic Development Programs},
journal = {Annual Review of Economics},
volume = {6},
number = {1},
pages = {629-662},
year = {2014},
doi = {10.1146/annurev-economics-080213-041024},

URL = { 
        https://doi.org/10.1146/annurev-economics-080213-041024
    
},
eprint = { 
        https://doi.org/10.1146/annurev-economics-080213-041024
    
}
,
    abstract = { Most countries exhibit large and persistent geographical differences in wages, income, and unemployment rates. A growing class of place-based policies attempts to address these differences through public investments and subsidies that target disadvantaged neighborhoods, cities, or regions. Place-based policies have the potential to profoundly affect the location of economic activity, along with the wages, employment, and industry mix of communities. These programs are widespread in the United States and throughout the world but have only recently been studied closely by economists. We consider the following questions: Who benefits from place-based interventions? Do the national benefits outweigh the costs? What sorts of interventions are most likely to be effective? To study these questions, we develop a simple spatial equilibrium model designed to characterize the welfare effects of place-based policies on the local and the national economy. Using this model, we critically evaluate the economic rationales for place-based policies and assess the latest evidence on their effects. We conclude with some lessons for policy and directions for future research. }
}

@techreport{moretti2019intellectual,
  title={The Intellectual Spoils of War? Defense R\&D, Productivity and International Spillovers},
  author={Moretti, Enrico and Steinwender, Claudia and Van Reenen, John},
  year={2019},
  institution={National Bureau of Economic Research}
}

@article{chodorow2019geographic,
  title={Geographic cross-sectional fiscal spending multipliers: What have we learned?},
  author={Chodorow-Reich, Gabriel},
  journal={American Economic Journal: Economic Policy},
  volume={11},
  number={2},
  pages={1--34},
  year={2019}
}

@article{slavtchev2016does,
  title={Does the technological content of government demand matter for private R\&D? Evidence from US states},
  author={Slavtchev, Viktor and Wiederhold, Simon},
  journal={American Economic Journal: Macroeconomics},
  volume={8},
  number={2},
  pages={45--84},
  year={2016}
}
@article{bloom2019toolkit,
  title={A toolkit of policies to promote innovation},
  author={Bloom, Nicholas and Van Reenen, John and Williams, Heidi},
  journal={Journal of Economic Perspectives},
  volume={33},
  number={3},
  pages={163--84},
  year={2019}
}

@article{schmid2018diffusion,
  title={The diffusion of military technology},
  author={Schmid, Jon},
  journal={Defence and Peace Economics},
  volume={29},
  number={6},
  pages={595--613},
  year={2018},
  publisher={Taylor \& Francis}
}

@article{chodorow2019geographic,
  title={Geographic cross-sectional fiscal spending multipliers: What have we learned?},
  author={Chodorow-Reich, Gabriel},
  journal={American Economic Journal: Economic Policy},
  volume={11},
  number={2},
  pages={1--34},
  year={2019}
}

@article{corbi2019regional,
  title={Regional transfer multipliers},
  author={Corbi, Raphael and Papaioannou, Elias and Surico, Paolo},
  journal={The Review of Economic Studies},
  volume={86},
  number={5},
  pages={1901--1934},
  year={2019},
  publisher={Oxford University Press}
}
@article{cohen2011powerful,
  title={Do powerful politicians cause corporate downsizing?},
  author={Cohen, Lauren and Coval, Joshua and Malloy, Christopher},
  journal={Journal of Political Economy},
  volume={119},
  number={6},
  pages={1015--1060},
  year={2011},
  publisher={University of Chicago Press Chicago, IL}
}

@article{dupor2017local,
  title={Local and aggregate fiscal policy multipliers},
  author={Dupor, Bill and Guerrero, Rodrigo},
  journal={Journal of Monetary Economics},
  volume={92},
  pages={16--30},
  year={2017},
  publisher={Elsevier}
}

@article{boone2014political,
  title={The political economy of discretionary spending: Evidence from the American Recovery and Reinvestment Act},
  author={Boone, Christopher and Dube, Arindrajit and Kaplan, Ethan},
  journal={Brookings Papers on Economic Activity},
  pages={375--428},
  year={2014},
  publisher={JSTOR}
}
@article{kim2020effect,
  title={The effect of public spending on private investment},
  author={Kim, Taehyun and Nguyen, Quoc H},
  journal={Review of Finance},
  volume={24},
  number={2},
  pages={415--451},
  year={2020},
  publisher={Oxford University Press}
}

@article{brollo2013political,
  title={The political resource curse},
  author={Brollo, Fernanda and Nannicini, Tommaso and Perotti, Roberto and Tabellini, Guido},
  journal={American Economic Review},
  volume={103},
  number={5},
  pages={1759--96},
  year={2013}
}
@techreport{chu2020hometown,
  title={Hometown Ties and the Quality of Government Monitoring: Evidence from Rotation of Chinese Auditors},
  author={Chu, Jian and Fisman, Raymond and Tan, Songtao and Wang, Yongxiang},
  year={2020},
  institution={National Bureau of Economic Research}
}
@article{dell2015trafficking,
  title={Trafficking networks and the Mexican drug war},
  author={Dell, Melissa},
  journal={American Economic Review},
  volume={105},
  number={6},
  pages={1738--79},
  year={2015}
}
@article{cengiz2019effect,
  title={The effect of minimum wages on low-wage jobs},
  author={Cengiz, Doruk and Dube, Arindrajit and Lindner, Attila and Zipperer, Ben},
  journal={The Quarterly Journal of Economics},
  volume={134},
  number={3},
  pages={1405--1454},
  year={2019},
  publisher={Oxford University Press}
}

%%%%%%%%%%%%%% political favoritism 
@article{brollo2012tying,
  title={Tying your enemy's hands in close races: the politics of federal transfers in Brazil},
  author={Brollo, Fernanda and Nannicini, Tommaso},
  journal={American Political Science Review},
  volume={106},
  number={4},
  pages={742--761},
  year={2012},
  publisher={Cambridge University Press}
}
@article{alesina2016ethnic,
  title={Ethnic inequality},
  author={Alesina, Alberto and Michalopoulos, Stelios and Papaioannou, Elias},
  journal={Journal of Political Economy},
  volume={124},
  number={2},
  pages={428--488},
  year={2016},
  publisher={University of Chicago Press Chicago, IL}
}
@article{hodler2014regional,
  title={Regional favoritism},
  author={Hodler, Roland and Raschky, Paul A},
  journal={The Quarterly Journal of Economics},
  volume={129},
  number={2},
  pages={995--1033},
  year={2014},
  publisher={MIT Press}
}

@article{bracco2015intergovernmental,
  title={Intergovernmental grants as signals and the alignment effect: Theory and evidence},
  author={Bracco, Emanuele and Lockwood, Ben and Porcelli, Francesco and Redoano, Michela},
  journal={Journal of public economics},
  volume={123},
  pages={78--91},
  year={2015},
  publisher={Elsevier}
}
@techreport{inman2008flypaper,
  title={The flypaper effect},
  author={Inman, Robert P},
  year={2008},
  institution={National Bureau of Economic Research}
}
@article{de2020political,
  title={Political Alignment and Credit: Evidence from Local Governments in Mexico},
  author={de la Garza, Adrian and Lopez-Videla, Bruno},
  year={2020}
}
@article{fiva2016local,
  title={Local favoritism in at-large proportional representation systems},
  author={Fiva, Jon H and Halse, Askill H},
  journal={Journal of Public Economics},
  volume={143},
  pages={15--26},
  year={2016},
  publisher={Elsevier}
}
@article{freier2015mayor,
  title={The mayor's advantage: Causal evidence on incumbency effects in German mayoral elections},
  author={Freier, Ronny},
  journal={European Journal of Political Economy},
  volume={40},
  pages={16--30},
  year={2015},
  publisher={Elsevier}
}
@article{curto2018does,
  title={Does electoral competition curb party favoritism?},
  author={Curto-Grau, Marta and Sol{\'e}-Oll{\'e}, Albert and Sorribas-Navarro, Pilar},
  journal={American Economic Journal: Applied Economics},
  volume={10},
  number={4},
  pages={378--407},
  year={2018}
}
@article{albouy2013partisan,
  title={Partisan representation in Congress and the geographic distribution of federal funds},
  author={Albouy, David},
  journal={Review of Economics and Statistics},
  volume={95},
  number={1},
  pages={127--141},
  year={2013},
  publisher={The MIT Press}
}
@article{asher2017politics,
  title={Politics and local economic growth: Evidence from India},
  author={Asher, Sam and Novosad, Paul},
  journal={American Economic Journal: Applied Economics},
  volume={9},
  number={1},
  pages={229--73},
  year={2017}
}
@article{bonilla2017political,
  title={Political alignment in the time of weak parties: electoral advantages and subnational transfers in Colombia},
  author={Bonilla-Mej{\'\i}a, Leonardo},
  journal={Documentos de Trabajo Sobre Econom{\'\i}a Regional y Urbana; No. 260},
  year={2017},
  publisher={Banco de la Rep{\'u}blica de Colombia}
}
@article{kramon2013benefits,
  title={Who benefits from distributive politics? How the outcome one studies affects the answer one gets},
  author={Kramon, Eric and Posner, Daniel N},
  journal={Perspectives on Politics},
  volume={11},
  number={2},
  pages={461--474},
  year={2013},
  publisher={Cambridge University Press}
}
%Infrastructure long run 

@article{kline2014local,
  title={Local economic development, agglomeration economies, and the big push: 100 years of evidence from the Tennessee Valley Authority},
  author={Kline, Patrick and Moretti, Enrico},
  journal={The Quarterly journal of economics},
  volume={129},
  number={1},
  pages={275--331},
  year={2014},
  publisher={MIT Press}
}
@techreport{allen2019welfare,
  title={The welfare effects of transportation infrastructure improvements},
  author={Allen, Treb and Arkolakis, Costas},
  year={2019},
  institution={National Bureau of Economic Research}
}
@article{bom2014have,
  title={What have we learned from three decades of research on the productivity of public capital?},
  author={Bom, Pedro RD and Ligthart, Jenny E},
  journal={Journal of economic surveys},
  volume={28},
  number={5},
  pages={889--916},
  year={2014},
  publisher={Wiley Online Library}
}


%%%%%%%%%%%%%% Flypaper effect 

@article{helm2021dynamic,
  title={The Dynamic Response of Municipal Budgets to Revenue Shocks},
  author={Helm, Ines and Stuhler, Jan},
  year={2021},
  publisher={CEPR Discussion Paper No. DP16137}
}

@article{cappelen2003impact,
  title={The impact of EU regional support on growth and convergence in the European Union},
  author={Cappelen, Aadne and Castellacci, Fulvio and Fagerberg, Jan and Verspagen, Bart},
  journal={JCMS: Journal of Common Market Studies},
  volume={41},
  number={4},
  pages={621--644},
  year={2003},
  publisher={Wiley Online Library}
}